3112 5284
1242 409 1320 484 245

219 591 261 655 ut
283 591 415 673 primum
431 589 570 674 quidem,
588 590 670 674 quod
687 587 798 651 attinet
814 587 985 650 subsidium
1002 609 1019 651 c
1036 592 1149 650 natura
1163 587 1211 650 rei
1234 587 1318 670 peti-

124 707 209 780 tum,
234 701 264 763 vi
285 697 373 780 cujus
391 720 427 762 ex
442 703 554 761 natura
569 696 703 779 subjecti
726 696 813 759 notio
830 696 1003 777 praedicati
1020 700 1051 759 et
1066 696 1206 760 vicissim
1224 715 1317 760 erua-

126 815 191 889 tur,
208 811 240 872 in
255 807 350 871 lactis
367 813 399 871 et
415 808 600 871 veritatibus
623 807 709 892 leges
725 815 855 868 naturae
872 811 903 869 et
921 811 1044 889 captum
1061 805 1191 869 rationis
1207 805 1317 866 buma-

125 938 185 980 nae
211 915 432 981 excedentibus
459 915 562 980 locum
584 937 645 978 non
668 915 778 992 babet,
803 913 876 995 quia
904 915 942 978 de
966 914 1015 978 bis
1025 914 1114 997 justa
1131 913 1267 998 subjecti
1284 917 1317 976 et

125 1025 301 1108 praedicati
323 1045 359 1088 ac
374 1023 536 1087 intrinseci
559 1043 667 1088 eorum
682 1043 795 1101 nexus,
820 1023 903 1087 sicut
919 1028 951 1087 et
968 1024 1115 1103 rationis,
1140 1043 1219 1107 quae
1234 1023 1317 1086 inter

126 1154 252 1197 causam
268 1137 301 1196 et
317 1131 460 1196 effectum
484 1132 668 1210 intercedit,
699 1130 811 1194 notitia
827 1129 937 1194 haberi
952 1153 1013 1194 non
1029 1137 1135 1213 potest
1149 1130 1191 1218 ¹).
1237 1131 1316 1194 Dein

124 1264 184 1306 nec
206 1241 332 1328 regula,
359 1261 450 1324 qnam
474 1241 512 1304 dc
535 1238 795 1322 interpretatione
818 1239 1008 1326 singularum
1035 1241 1267 1323 expressionum
1285 1247 1316 1304 et

126 1351 288 1414 notionum
310 1349 510 1432 amplexanda
530 1348 579 1412 vel
600 1347 771 1432 rejicienda
786 1369 844 1432 pro
868 1349 990 1412 ratione
1013 1350 1246 1414 convenientiae
1262 1353 1316 1412 aut

123 1459 348 1544 repugnantiae
363 1458 462 1542 ipsius
479 1479 548 1520 cum
563 1457 694 1520 materia
710 1457 870 1520 substrata
885 1459 1067 1536 statuimus,
1091 1465 1198 1541 potest
1214 1458 1315 1540 appli-

125 1567 202 1646 cari,
228 1587 297 1629 cum
313 1567 444 1629 materia
459 1566 619 1629 substrata
633 1567 702 1648 ipsa
718 1566 821 1649 quoad
837 1569 978 1628 naturam
994 1585 1082 1629 suam
1099 1588 1161 1631 noc
1177 1566 1219 1629 sit
1235 1567 1313 1629 satis

125 1675 270 1760 cognita,
307 1673 334 1737 si
356 1675 473 1739 factum
495 1673 705 1759 incognitum,
740 1672 923 1736 miraculum
945 1679 999 1736 ant
1027 1673 1211 1758 mysterium
1238 1693 1313 1754 pro·

123 1780 255 1868 ponitur
265 1777 310 1867 ¹).

217 1889 319 1952 Simili
341 1890 433 1953 modo
457 1890 589 1974 denique
605 1887 826 1976 restringenda
842 1895 929 1970 sunt,
960 1910 1039 1973 quae
1056 1890 1094 1952 do
1110 1909 1190 1952 nexu
1205 1888 1310 1974 logico

121 1999 162 2062 ad
188 2000 386 2080 metaphoras
407 1997 656 2080 interpretandas
683 1997 867 2080 applicando
897 1997 1038 2060 diximus.
1086 1998 1247 2081 Equidem,
1276 2003 1311 2059 ut

123 2106 376 2187 observavimus,
400 2106 428 2169 si
444 2105 618 2189 subjectum
635 2111 667 2168 et
681 2105 894 2190 praedicatum
911 2107 955 2169 ita
972 2111 1152 2188 comparata
1168 2111 1250 2183 sunt,
1279 2110 1315 2168 ut

122 2217 257 2280 alterum
273 2216 367 2280 alteri
387 2217 515 2298 proprie
539 2215 704 2278 convenire
725 2237 787 2279 non
810 2216 927 2299 possit,
951 2216 1139 2278 alterutrum
1154 2214 1312 2297 tropicum

123 2326 167 2389 sit
184 2329 322 2408 oportet,
346 2325 511 2388 dummodo
527 2328 694 2406 utrumque
709 2325 787 2387 bene
804 2325 972 2408 cognitum,
990 2328 1022 2387 et
1037 2322 1243 2410 repugnantia
1258 2328 1313 2385 aut

123 2433 322 2512 absurditas,
357 2453 435 2514 quae
463 2433 500 2495 ci
527 2431 756 2518 significatione
783 2434 912 2516 propria
938 2432 1093 2514 oriretur,
1122 2435 1232 2514 aperta
1259 2431 1311 2494 sit.

122 2544 164 2606 At
187 2544 264 2606 haec
285 2541 394 2627 regula
416 2547 506 2604 caute
526 2546 647 2605 tantum
670 2542 842 2606 adhibenda
865 2548 923 2606 est.
969 2544 1192 2623 Praeterquam
1219 2538 1310 2617 enim,

122 2652 208 2734 quod
220 2649 372 2733 judicium
393 2650 431 2714 de
447 2651 583 2714 absurdo
599 2649 631 2711 in
647 2651 833 2714 veritatibus
850 2651 1007 2729 revelatis,
1030 2649 1174 2736 inprimis
1189 2653 1309 2732 myste-

119 2759 196 2837 riis,
225 2780 287 2820 non
314 2759 375 2822 levi
401 2759 543 2843 periculo
569 2759 694 2822 errandi
718 2763 768 2822 est
790 2759 971 2838 obnoxium,
996 2759 1069 2840 quia
1083 2759 1127 2838 id,
1151 2758 1235 2840 quod
1263 2763 1312 2821 est

120 2865 250 2929 difficile
265 2867 439 2946 intellectu,
456 2867 505 2929 vel
520 2866 674 2929 rationem
690 2868 851 2930 humanam
867 2867 959 2948 plane
974 2871 1118 2948 superat,
1134 2864 1312 2929 bominibus

119 2995 197 3038 suae
212 2975 353 3058 ipsorum
369 2977 470 3039 solum
485 2975 711 3059 intelligentiae
737 2973 954 3038 insistentibus
970 2973 1062 3038 facile
1078 2973 1246 3038 absumum
1261 2973 1310 3034 vi-

119 3084 190 3148 deri
217 3090 339 3167 potest,
373 3089 404 3148 ct
430 3087 514 3146 teste
541 3083 733 3167 experientia
754 3103 864 3146 revera
886 3081 985 3144 visum
1008 3087 1057 3146 cst
1071 3081 1116 3170 ⁸),
1142 3082 1310 3145 cavendum

118 3213 245 3277 quoque
273 3194 350 3271 crit,
380 3213 419 3255 ne
434 3192 504 3271 illa,
540 3213 618 3276 quae
645 3194 683 3256 de
707 3193 835 3256 Christo
854 3192 1059 3277 Θεανθρώπῳ
1087 3191 1309 3273 praedicantur

118 3301 286 3384 contraria,
304 3303 342 3365 ad
358 3303 437 3364 banc
449 3302 589 3386 regulam
606 3301 777 3386 exigantur.
817 3301 897 3364 Nam
914 3300 996 3362 sicut
1011 3301 1051 3362 de
1065 3298 1200 3378 bomine,
1218 3297 1307 3380 cujus

118 3429 236 3492 corpus
260 3413 291 3472 et
314 3409 447 3472 animum
472 3413 667 3492 spectamus,
690 3429 764 3472 vere
787 3414 819 3472 et
842 3407 970 3490 proprie
994 3407 1153 3471 contraria
1177 3406 1306 3469 edicun-

117 3521 181 3596 tur,
205 3517 250 3580 ita
270 3517 363 3580 etiam
392 3517 430 3579 de
448 3516 577 3580 Christo
601 3517 830 3582 Deo-bomine
852 3521 985 3600 propter
1010 3517 1088 3580 duas
1113 3515 1204 3580 unius
1231 3535 1307 3598 per-

117 3647 214 3690 sonae
238 3631 364 3689 naturas
390 3627 564 3704 contraria,
588 3647 698 3709 nempe
724 3626 825 3689 divina
849 3631 881 3689 ct
904 3625 1053 3704 bumana,
1076 3645 1150 3688 vere
1175 3629 1207 3686 et
1231 3645 1307 3707 pro·

116 3735 187 3818 prie
214 3735 359 3801 dicuntur
373 3730 415 3818 ⁴).

147 3898 176 3964 1)
196 3900 239 3947 Sic
258 3900 390 3954 baculus,
419 3913 470 3959 quo
483 3903 554 3948 terra
569 3900 737 3960 pulsabatur,
759 3916 774 3950 a
797 3905 890 3948 natura
915 3913 961 3948 sua
980 3913 1030 3948 non
1056 3903 1144 3960 potest
1164 3901 1311 3960 producere

190 4003 297 4050 aquam,
315 3993 344 4037 ut
362 3990 445 4037 uxor.
459 3991 542 4052 xvu,
564 3993 590 4039 o.
609 3993 705 4040 netum
722 3993 841 4052 regimus.
870 3991 924 4039 uae
942 3991 1030 4039 uorsa.
1049 3979 1194 4048 xxv1‚ae.'
1210 3990 1255 4037 aa.
1278 4005 1310 4037 ex

188 4083 280 4126 natura
299 4091 401 4135 rerum,
423 4093 486 4140 quas
503 4081 581 4130 desua
603 4083 628 4128 in
646 4096 735 4131 manus
752 4084 869 4143 accepit,
887 4087 979 4142 posset
1002 4083 1078 4143 erui,
1097 4083 1192 4130 adessa
1209 4093 1308 4142 corpus

187 4173 216 4216 et
234 4171 384 4230 sanguinem
403 4173 505 4218 Domini
523 4173 550 4220 in
570 4185 650 4221 aenan
667 4175 772 4234 proprio
781 4187 791 4234 ς,
808 4175 834 4220 iu
855 4175 936 4221 solum
955 4187 987 4222 ex
1008 4173 1086 4221 claris
1105 4166 1190 4232 ipsius
1217 4171 1306 4219 verbis

188 4261 304 4308 discitur.

115 4415 118 4422 Ι
141 4348 172 4416 2)
192 4351 255 4398 illud
272 4352 329 4397 Act.
355 4350 428 4408 Vlll,
449 4353 493 4398 39.
532 4351 674 4416 „Spiritus
691 4353 799 4400 Domini
824 4355 919 4417 rapuit
944 4354 1139 4418 Philippum,”
1161 4354 1184 4401 sl
1205 4351 1308 4399 modurn

186 4444 309 4501 spectas,
337 4443 460 4501 explicari
477 4444 581 4504 nequit,
609 4455 665 4489 nam
692 4442 760 4488 actio
783 4455 834 4490 non
856 4447 896 4490 eet
921 4444 1038 4492 bumana.
1075 4439 1225 4502 eujusmodi
1243 4445 1306 4488 suot

185 4532 238 4576 alia
253 4531 338 4580 multa.
376 4533 414 4580 lte
437 4533 530 4580 talibus
556 4533 704 4592 miraculis,
731 4533 799 4579 sicut
824 4535 855 4582 de
879 4535 1024 4582 visionibus
1047 4536 1074 4582 et
1096 4530 1302 4580 revelationibus

184 4621 439 4682 supernaturalibus,
460 4633 525 4682 quae
552 4625 631 4672 Paulo
656 4623 798 4682 contigisse
820 4627 960 4672 narrantur
985 4625 1016 4671 ll.
1035 4623 1094 4670 Gor.
1120 4621 1184 4682 xil,
1204 4623 1264 4668 2-
1279 4623 1303 4670 i.
