3120 5294
249 471 324 546 iti

243 649 432 728 sententias,
457 667 535 732 quas
558 651 798 732 complectitur,
829 653 916 735 ipsae
938 653 1020 717 iuter
1046 672 1080 717 se
1105 651 1324 736 conteruntur,
1354 659 1438 716 ante·

245 757 393 822 cedentes
410 763 441 822 et
467 765 694 842 consequentes
721 760 781 824 sibi
807 763 1035 844 respondeant,
1060 767 1092 826 et
1122 762 1151 824 si
1181 764 1221 824 ad
1255 763 1437 846 loquentem

244 865 374 948 ejusque
396 867 568 930 relationes
590 868 771 953 exiguntur,
798 871 843 933 eis
868 871 1063 935 conveniant.
1087 869 1175 932 Unde
1199 867 1269 934 lieri
1296 892 1360 933 non
1384 892 1439 954 po·

244 979 328 1053 test,
345 973 419 1058 quin
436 974 647 1040 consideratio
665 983 888 1042 contemnet
912 981 1062 1044 aemerio
1085 983 1249 1043 nomionis
1271 977 1440 1061 interpreti

244 1080 362 1144 biblico
390 1081 432 1144 sit
460 1101 571 1167 magno
596 1103 632 1144 ac
654 1084 821 1168 multiplici
845 1083 1023 1166 adjumento
1046 1087 1086 1149 ad
1124 1105 1250 1150 sensnm
1274 1085 1440 1166 erationis,

246 1207 338 1270 quem
356 1207 437 1252 usus
454 1189 601 1273 loquendi
623 1193 810 1272 obscurum,
827 1193 982 1257 incertum
998 1199 1052 1258 ant
1073 1211 1185 1280 vagum
1201 1193 1352 1278 reliquit,
1368 1193 1441 1257 illn-

245 1297 422 1380 strandum,
445 1295 653 1363 deflniendnm
669 1321 705 1362 ac
721 1299 975 1366 confirmandum.
1000 1303 1110 1387 ltaque
1127 1301 1290 1386 explorato
1312 1321 1372 1364 usu
1393 1301 1441 1364 lo·

246 1403 360 1486 quendi
376 1405 542 1488 interpreti
558 1407 659 1471 adbuc
674 1408 894 1472 attendendum
911 1409 993 1473 erit:

472 1533 501 1599 ι)
517 1529 562 1584 Ad
578 1533 758 1592 contectum,
781 1532 814 1601 b)
836 1532 875 1587 nd
898 1535 1044 1588 nectorem
1062 1533 1215 1589 credonis.

336 1621 383 1684 lle
408 1622 519 1706 quibus
538 1622 601 1706 jam
627 1623 760 1710 singulis
785 1645 923 1711 agemus.

694 1841 948 1907 sarcinulis
972 1842 997 1904 l.

747 1981 928 2041 tollamus.

517 2127 545 2194 §-
563 2126 604 2186 ltt.
619 2127 696 2184 tollo
712 2127 742 2184 et
757 2126 881 2185 dransae
897 2127 1047 2185 mntsxtns
1061 2127 1173 2200 spectes.
1242 2097 1245 2101 ’

338 2270 511 2336 Contentus
527 2271 680 2334 orationis
697 2277 746 2334 est
763 2271 942 2354 conjunctio
965 2277 997 2334 et
1014 2271 1126 2334 relatio
1142 2267 1395 2333 antecedentium
1412 2275 1441 2332 et

249 2380 516 2464 consequentium,
535 2399 612 2463 quas
632 2379 764 2462 loquens
787 2379 951 2464 spectavit,
971 2381 1132 2442 notionum
1150 2399 1186 2441 ac
1204 2379 1441 2455 sententiarum,

247 2487 293 2550 iia
316 2487 458 2571 quidem,
486 2495 522 2550 nt
544 2489 583 2550 ad
607 2490 768 2570 quamdam
792 2493 950 2554 unitatem
973 2491 1111 2552 tendant.
1153 2487 1231 2550 Cum
1257 2508 1334 2550 uero
1364 2489 1441 2551 baec

247 2595 371 2675 unitas,
395 2614 474 2678 quae
493 2595 524 2657 in
549 2615 692 2659 sermone
708 2597 819 2661 abesse
846 2619 907 2661 nen
930 2602 1059 2678 potest,
1090 2595 1228 2678 spectari
1255 2596 1360 2676 possit
1389 2601 1441 2657 aut

247 2703 370 2767 ratione
392 2723 562 2786 personae
584 2707 750 2786 tequemio
771 2711 825 2769 aut
848 2705 971 2769 ratione
995 2725 1129 2781 rernm,
1155 2721 1234 2784 quae
1251 2701 1442 2778 referuntur,

248 2818 342 2896 atque
371 2813 472 2896 priori
507 2813 631 2895 quidem
655 2819 802 2895 respectu
836 2814 886 2876 vel
922 2814 952 2874 in
989 2812 1111 2897 legibus
1134 2815 1279 2875 rationis
1305 2811 1442 2894 [logices

247 2921 358 2985 stricte
387 2919 500 3008 talis),
535 2922 584 2985 vel
613 2925 812 3004 phantasiae
842 2920 1087 3009 (adsociationis
1112 2917 1269 3003 idearum)
1293 2919 1440 2996 resideat,

249 3028 420 3110 posteriori
443 3049 518 3091 vero
542 3049 595 3091 res
624 3029 743 3093 relatae
772 3029 937 3109 uniantur,
973 3030 1039 3092 sive
1063 3028 1216 3110 respicias
1245 3029 1283 3089 ad
1315 3038 1443 3110 tempus

247 3139 533 3220 praeterlapsnm,
558 3159 620 3222 quo
644 3138 694 3202 vel
717 3139 918 3201 successione
935 3137 1160 3224 chronologica
1184 3142 1371 3213 evenerunt,
1397 3135 1444 3197 vel

247 3243 403 3307 narrantis
426 3244 633 3326 dispositione
662 3253 831 3331 congestae
855 3252 945 3324 sunt,
978 3248 1043 3310 siue
1068 3245 1211 3309 attendas
1238 3243 1277 3306 ad
1309 3255 1440 3326 tempus

244 3355 414 3436 soterum,
439 3373 500 3435 quo
525 3352 607 3416 baud
630 3375 703 3418 raro
727 3375 746 3417 a
769 3355 933 3439 prophetis
949 3353 1137 3418 remotiores
1153 3373 1223 3416 cnm
1237 3351 1440 3416 vicinioribus

249 3459 435 3542 conjunctae
462 3465 494 3523 et
521 3462 705 3526 commixtae
725 3463 1014 3547 prospiciebantur:
1039 3465 1174 3543 quatuor
1200 3459 1344 3523 diversae
1367 3481 1441 3523 con·

249 3571 355 3630 tentus
381 3565 505 3648 species
528 3569 765 3655 distinguendae
789 3577 876 3651 sunt,
901 3571 1024 3634 scilieet
1051 3571 1093 3654 o)
1110 3574 1287 3633 contentus
1303 3567 1439 3650 topices,

249 3675 289 3758 b)
303 3677 564 3758 pspcbolopicns,
581 3678 619 3761 c)
633 3681 820 3761 historiens,
844 3680 895 3742 cui
911 3679 1032 3742 accedit
1048 3675 1438 3758 bestmico-dopmuticus,

251 3788 282 3845 et
299 3783 343 3866 d)
361 3787 501 3866 opticus,
524 3784 577 3868 qui
599 3786 692 3848 etiam
711 3787 832 3850 nomine
848 3797 1045 3871 prospectus
1059 3787 1240 3868 prophetici
1254 3784 1351 3848 venit.

341 3891 517 3956 Observare
532 3899 635 3957 tamen
652 3901 787 3976 oportet,
811 3896 843 3958 in
859 3895 990 3980 singuiis
1007 3893 1172 3957 recensitis
1190 3896 1356 3954 contentus
1369 3911 1439 3974 spe-

250 4000 357 4063 ciebus
378 4000 460 4066 baud
483 4022 555 4064 raro
572 4001 679 4084 plures
704 4004 905 4067 connexionis
933 4005 1072 4067 rationes
1100 4002 1171 4084 plus
1199 3999 1338 4062 minusve
1364 4021 1438 4063 con·

251 4128 395 4190 currere,
431 4130 500 4171 cum
532 4117 766 4194 praeterquam,
800 4115 883 4195 qnod
907 4133 1002 4176 nexus
1025 4111 1148 4196 logicus
1171 4108 1281 4171 nullibi
1309 4125 1437 4188 prorsus

229 4219 361 4282 'abesse
383 4221 504 4299 potest,
529 4239 633 4282 rernm
655 4225 815 4304 gestarum
839 4221 1034 4285 narrationes
1057 4217 1183 4303 saepius
1198 4237 1261 4280 non
1276 4220 1340 4278 tam
1351 4213 1440 4296 juxta

251 4325 365 4389 seriem
381 4326 544 4409 temporis,
563 4347 624 4411 qua
642 4328 850 4412 contigerunt,
868 4349 958 4412 quam
976 4328 1099 4392 ratione
1114 4323 1292 4414 dogmatica
1307 4342 1439 4387 connec-

250 4440 377 4514 tantur,
403 4440 434 4497 et
457 4435 586 4517 insuper
607 4435 745 4499 rationes
768 4437 1031 4522 psycbologicae,
1054 4441 1121 4498 tum
1147 4435 1180 4497 in
1208 4431 1352 4498 historiis
1378 4436 1440 4493 tum

249 4541 280 4604 in
298 4545 522 4626 prophetarum
539 4545 775 4626 prospectibus,
792 4546 940 4609 virtrnem
957 4549 1132 4607 exerceant.
1167 4545 1351 4618 Praeterea,
1369 4559 1434 4602 cum

252 4656 416 4716 contextus
441 4655 573 4732 topices
595 4653 772 4737 gravissimi
807 4651 849 4716 sit
873 4653 1039 4730 momenti,
1075 4671 1189 4736 operae
1217 4649 1353 4732 pretium
1384 4646 1439 4711 erit
