3112 5284
259 451 337 527 254

259 649 351 715 qnam
368 627 456 713 prius
471 629 534 712 ipsi
550 629 783 712 praedicassent
795 633 844 711 ε),
867 625 1032 691 manifesto
1057 629 1268 706 ostendentes,
1291 643 1325 690 sc
1340 627 1422 708 scrip-

257 738 319 817 tis,
344 758 423 824 qnae
446 737 600 802 sermonis
617 737 928 801 communicationem
951 737 1119 800 subsecuta
1137 743 1229 816 sunl,
1253 755 1424 819 nequaquan
1515 787 1516 826 3

260 847 422 912 doctrinas
450 865 469 910 a
495 845 729 929 praedieatione
757 845 990 928 discrepantes,
1022 841 1078 906 sed
1102 843 1202 908 eidem
1226 844 1331 929 potius
1352 843 1426 925 plane

258 959 470 1040 congruentes
486 955 706 1038 proposuisse,
731 955 872 1040 adeoque
896 952 989 1017 etiam
1004 952 1182 1033 doctrines,
1206 970 1267 1035 ope
1289 953 1425 1034 interpre-

258 1063 390 1128 tationis
421 1085 457 1129 ex
479 1063 529 1125 his
560 1063 688 1146 scriptis
719 1067 840 1142 erutas,
877 1079 1069 1146 nequaquam
1099 1081 1117 1124 a
1146 1062 1290 1126 doctrina
1313 1083 1364 1125 ore
1384 1081 1427 1121 an·

259 1173 404 1235 nuntiata
426 1171 607 1254 discrepare
636 1189 746 1254 posse,
783 1175 815 1234 et
843 1169 916 1233 hino
939 1167 1093 1252 ejusmodi
1115 1169 1353 1254 discrepantiam
1373 1171 1427 1232 lore

260 1279 408 1344 iudicium
431 1279 720 1344 manifestissimum
743 1279 840 1343 ialsae
862 1277 1142 1362 interpretationis.

287 1423 311 1493 ¹)
331 1429 385 1475 linc
398 1431 532 1488 spectant,
551 1441 615 1488 quae
627 1428 723 1475 l’aulna
736 1428 768 1474 ll.
789 1426 851 1474 itm.
864 1427 889 1482 l,
910 1427 1039 1474 13-1i.
1060 1425 1168 1474 seriata:
1191 1418 1372 1474 εΥποτιίπωσιν
1394 1419 1429 1489 ἔχε

334 1517 388 1566 τῶν
407 1511 579 1583 ὑγιαινόντων
596 1513 700 1582 λόγων,
723 1505 760 1563 ὧν
779 1511 845 1585 παρ’
862 1509 927 1580 ἐμοῦ
948 1509 1066 1572 ἤκουσας
1087 1509 1114 1564 ἐν
1135 1513 1221 1565 πίστει
1246 1515 1291 1566 καὶ
1308 1509 1430 1582 &picari
1517 1509 1518 1512 ¹

334 1601 361 1656 io
384 1605 490 1676 Χριστῷ
514 1603 614 1666 Ἰησοῦ.
646 1601 804 1666 Tricastinis
827 1601 987 1675 παραθήκην
1006 1599 1125 1672 φύλαξον
1145 1599 1190 1655 δία
1206 1601 1353 1672 πνεύματος
1369 1599 1431 1669 iuteo

330 1693 360 1750 mi
376 1693 538 1754 ἐνοικοῦντος
550 1693 577 1746 ἐν
591 1693 663 1764 ἡμῖν,
682 1698 709 1744 ld
719 1702 774 1745 esta
786 1697 996 1745 Delieeatioaeas
1007 1693 1164 1760 (exemplar)
1175 1697 1245 1746 tole
1260 1697 1431 1746 αοειτιπιτιυνι

332 1803 464 1840 sanarem
482 1787 721 1851 (orthodoxarum),
741 1801 808 1851 ριιιιι
826 1803 843 1836 ο
859 1801 901 1836 aas
916 1787 1068 1846 assisti,
1088 1788 1117 1835 ιιι
1140 1787 1193 1849 fide
1211 1790 1239 1834 et
1261 1788 1389 1836 claritate
1407 1786 1429 1833 ia

334 1879 439 1929 carim
459 1879 535 1928 desa.
573 1879 726 1928 Praestas·
753 1877 949 1942 depositum
976 1877 1084 1927 custodi
1102 1891 1154 1941 per
1183 1875 1319 1940 Spiritum
1342 1889 1377 1932 a,
1395 1874 1430 1936 psi

329 1971 435 2021 dubitat
451 1969 480 2018 ιἰι
498 1969 584 2019 eodm.
620 1970 719 2019 Slmllla
736 1971 859 2032 leguntur
878 1969 932 2019 ool.
946 1969 987 2026 ll,
1008 1971 1073 2017 e—
1087 1969 1112 2017 θ.
1141 1967 1306 2027 1.rlm.vl,
1330 1971 1373 2016 20.
1395 1969 1430 2014 tl.

331 2061 438 2110 liniam.
453 2061 491 2114 11.
513 2061 536 2108 1.
552 2063 577 2122 2,
603 2063 652 2118 lll,
676 2061 718 2108 it.

404 2154 498 2200 l’etrns
512 2154 543 2200 ll.
557 2167 599 2214 ep.
613 2153 658 2208 lli,
676 2155 716 2200 17.
731 2165 788 2200 cum
798 2153 915 2213 dixisset,
935 2152 961 2198 ln
974 2145 1095 2210 epistolis
1110 2149 1181 2197 Pauli
1194 2151 1322 2211 quaedam
1335 2147 1430 2197 difficilia
1518 2133 1519 2160 ³

331 2245 479 2302 intellectu,
499 2245 567 2292 sieut
579 2249 606 2292 et
618 2248 739 2292 caeteras
760 2247 906 2306 scripturas
919 2257 935 2290 a
948 2243 1100 2304 quibusdam
1120 2243 1269 2290 hominibus
1292 2243 1397 2289 indoctis
1410 2245 1430 2284 et

329 2333 491 2382 instabilibus
508 2335 589 2382 inisse
609 2335 761 2394 depravata,
781 2336 882 2396 pergit:
906 2327 994 2399 ’Υμεῖς
1014 2327 1060 2381 ὀῦν
1080 2327 1229 2398 ἀγαπητοὶ,
1253 2327 1433 2402 προγινώσκον-

330 2439 373 2480 τες
393 2423 432 2486 (ld
450 2429 504 2472 eat:
524 2437 589 2484 quse
609 2423 684 2482 prlus
703 2425 787 2472 edocti
805 2425 883 2485 eatis)
903 2419 1094 2491 φυλάσσεσθε,
1117 2415 1160 2471 ἵνα
1182 2421 1218 2488 μὴ
1237 2423 1271 2490 τῇ
1291 2423 1344 2472 τῶν
1365 2417 1434 2470 aete·

327 2529 385 2580 μων
404 2509 507 2580 πλάνῃ,
528 2509 761 2579 συναπαχθίντις,
781 2509 905 2572 ἐκπέσητε
923 2511 955 2562 τἰο
980 2507 1049 2564 ἰδίου
1070 2509 1215 2582 στηριυρίι,
1238 2513 1384 2570 custodite,
1407 2524 1433 2558 ae

331 2604 514 2668 insipientiam
531 2617 630 2651 errore
647 2601 685 2666 (lu
705 2619 778 2666 quem
796 2617 887 2664 nempe
902 2605 945 2651 isti
964 2605 1121 2664 scripturam
1136 2605 1315 2664 depravantes
1336 2601 1434 2664 prolapsi

333 2695 420 2757 sunt‚)
446 2695 567 2744 traducti
587 2693 719 2744 excidatis
747 2709 765 2745 ιι
785 2695 904 2761 propria
926 2693 1014 2756 (quam
1042 2700 1118 2742 antea
1142 2697 1233 2742 nostra
1260 2693 1436 2755 praedieatione

333 2785 526 2847 acqulssvlatls)
544 2783 684 2848 firmitate.
1193 2779 1197 2788 '

285 2869 311 2942 ²)
331 2877 371 2924 lta
392 2875 488 2925 Paulus
513 2877 568 2923 Aet.
590 2877 648 2937 XX,
678 2877 756 2924 29-
773 2877 839 2938 31„
858 2889 914 2922 eum
937 2875 970 2925 ad
993 2877 1140 2923 testimonla
1164 2877 1299 2924 seniorum
1322 2873 1435 2922 Ecclesiae
1520 2923 1521 2936 ρ

327 2967 477 3038 ΙΕρῑιοιΙοιε
496 2973 683 3028 provocasset:
713 2969 841 3028 quomodo
866 2969 891 3014 in
906 2967 1100 3028 praedieatione
1117 2977 1164 3014 sna
1182 2969 1246 3014 nihil
1268 2969 1368 3015 utillum
1384 2963 1435 3024 ipsis
1520 2997 1521 3010 τ

328 3060 490 3116 canduerit,
510 3061 557 3106 sed
573 3063 659 3118 potina
682 3073 759 3106 omne
775 3059 825 3106 Dei
844 3059 982 3107 consilium
999 3059 1200 3118 annuntiaverit,
1220 3059 1282 3105 illos
1303 3061 1392 3109 monet,
1409 3049 1433 3100 ut

330 3149 450 3196 traditam
463 3161 511 3207 per
522 3150 660 3195 triennium
673 3149 815 3194 doctrinam
825 3160 914 3207 puram
928 3149 1117 3194 conservarent
1130 3151 1221 3193 contra
1235 3147 1315 3208 lupos
1329 3156 1435 3210 rapaces,

331 3252 382 3285 non
400 3246 537 3299 parcentes
560 3239 649 3298 gregi,
675 3239 717 3298 qul
742 3238 844 3285 alicunde
865 3239 1020 3292 adventuri,
1047 3239 1074 3284 et
1098 3241 1190 3284 contra
1211 3239 1296 3285 labos
1316 3239 1435 3290 doctores,

332 3331 376 3390 qul
400 3331 426 3375 in
457 3331 513 3388 ipss
535 3331 652 3375 Ecclesia
671 3329 814 3376 surrecturi
843 3329 904 3374 sint.
944 3328 1013 3374 ldem
1039 3328 1177 3387 Apostolus
1205 3327 1308 3375 Galatis
1329 3331 1353 3384 Ι,
1372 3329 1395 3373 8.
1414 3325 1434 3369 9·

332 3419 441 3466 scribit:
474 3413 559 3466 Ἀλλὰ
579 3415 623 3465 καὶ
641 3411 685 3466 ἰὰν
704 3411 779 3480 ἡμεῖς
802 3409 819 3474 ἢ
852 3409 963 3481 ἄργιλος
987 3410 1017 3476 ἐξ
1038 3409 1134 3484 depasci
1162 3411 1365 3482 ἑυαερρελίζηται
1388 3407 1435 3478 ipo

332 3504 397 3575 παρ’
412 3501 426 3554 δ
439 3501 670 3572 ἐυηγρελισάρεθα
683 3500 743 3572 ὑμῖν
757 3501 880 3571 ἀνάθιμα
891 3500 969 3554 ἔστω.
988 3500 1030 3563 Ὣς
1041 3505 1229 3575 προειρήκαμεν
1242 3506 1287 3556 καὶ
1301 3503 1361 3575 ἄρτι
1373 3499 1436 3552 πάλιν

331 3593 411 3662 λέγω.
436 3594 477 3646 Ἐἰ
497 3612 535 3653 τις
556 3591 625 3662 ὑμᾶς
643 3593 856 3662 ἐυαγγελίζεται,
881 3591 976 3664 uap'd
995 3589 1171 3665 παρελάβετε,
1191 3592 1320 3662 ἀνάθεμα
1338 3589 1408 3644 ἔστω.

324 3773 352 3840 s.
369 3773 421 3832 lla
437 3771 597 3832 cumcuma
610 3771 744 3831 Ecclesiae
760 3773 953 3846 mamistam
970 3785 1021 3831 usu
1036 3775 1192 3846 primitivae
1207 3771 1346 3833 Ecclesiae
1360 3771 1388 3832 st

589 3877 626 3924 ss.
642 3865 752 3924 tamum
766 3868 931 3926 tssdmonlu
947 3867 1130 3927 οοουιπιῑιε.

354 3989 514 4078 Suffragia
545 3992 769 4075 Apostolorum
795 3995 832 4056 de
863 3994 1043 4057 anthentica
1066 3995 1226 4058 Ecclesiae
1261 3993 1437 4078 interpreta-

262 4100 350 4164 tione
374 4117 450 4163 usus
474 4099 649 4183 primitivae
677 4101 838 4164 Ecclesiae
862 4107 894 4164 et
917 4109 1098 4166 sanctornm
1122 4105 1248 4167 Patrum
1271 4096 1436 4166 testimonia
1520 4181 1521 4190 ρ

263 4209 432 4286 accedunt,
459 4227 538 4291 qnae
553 4208 719 4273 manifesto
736 4210 923 4288 ostendunt,
947 4210 1211 4292 praedicationem
1227 4209 1437 4294 Apostolorum
1520 4211 1521 4218 ’

262 4319 294 4381 in
318 4317 387 4381 sinu
411 4317 574 4380 Ecclesiae
600 4317 774 4400 depositam
805 4318 1007 4402 subsequenti
1042 4339 1166 4404 quoque
1190 4325 1334 4402 ternpore
1357 4315 1437 4379 crite·

264 4425 344 4487 rium
361 4425 591 4505 doctrinarum,
608 4445 686 4508 quae
703 4425 944 4507 proterebantur
950 4476 959 4509 ,
978 4427 1119 4512 adeoque
1136 4427 1229 4491 etiam
1247 4420 1438 4510 expositionis

264 4551 290 4594 s.
316 4533 502 4616 Scripturas
529 4534 630 4598 fuisse
656 4533 803 4598 habitam.
850 4535 890 4598 Et
919 4535 1054 4618 primum
1078 4536 1201 4620 quidem
1224 4541 1339 4600 testem
1361 4531 1437 4614 hujus

264 4639 313 4702 cei
337 4641 403 4726 agit
427 4639 475 4704 vel
499 4645 577 4726 ipsc
592 4645 767 4710 Ecclesiae
793 4645 999 4711 orthodoarae
1020 4647 1225 4727 procedendi
1246 4650 1350 4727 ratio,
1374 4659 1437 4726 qnae
