3092 5286
242 439 318 516 itt

236 621 269 680 et
293 616 510 680 illustrandum
538 613 616 678 iecit
632 611 674 700 ¹).
714 613 759 678 Ut
784 613 953 697 praecipue
978 615 1128 697 neede-
1155 614 1423 700 interpretationis

238 725 401 790 commoda
422 724 494 786 iude
518 722 685 786 derivanda
707 720 739 784 in
763 721 869 804 specie
893 741 1125 786 enumeremus:

327 839 358 900 i.
381 833 428 895 Ex
443 831 597 916 adjunctis
613 831 789 918 colligitur,
816 851 887 893 uum
909 831 1058 914 quaedam
1075 829 1160 894 dicta
1174 833 1306 916 proprie
1322 855 1362 898 en
1377 835 1423 897 in·

236 941 365 1028 proprie
377 937 420 1028 ¹),
445 963 516 1006 num
532 941 676 1004 absolute
692 961 730 1003 an
745 939 876 1006 relative
892 941 1073 1024 accipianda
1089 939 1208 1028 sinte).

328 1055 359 1116 2.
384 1051 429 1112 Ex
446 1049 555 1114 iisdem
571 1049 726 1114 interdum
742 1048 789 1113 rei
803 1050 943 1133 gravitas
958 1048 1020 1114 rite
1036 1051 1239 1134 cognoscitur
1251 1039 1297 1137 ⁴).

326 1163 359 1226 d.
383 1157 523 1239 Denique
546 1158 618 1220 iude
644 1161 764 1220 rectum
790 1175 914 1238 quoque
942 1158 1107 1239 petendum
1134 1163 1184 1222 est
1205 1158 1361 1240 judicium
1389 1161 1424 1222 de

237 1273 324 1332 certa
343 1266 498 1330 hominum
521 1267 632 1350 agendi
662 1266 799 1343 ratione,
827 1266 968 1347 inprimis
989 1265 1017 1328 si
1038 1285 1057 1329 a
1079 1267 1233 1328 communi
1255 1273 1423 1332 consuetu-

238 1375 309 1438 dine
333 1375 495 1438 discedere
518 1367 696 1460 videtur⁸).

327 1483 372 1544 lix
395 1481 507 1564 quilius
533 1481 624 1544 simui
649 1485 752 1563 patet,
781 1501 843 1543 nou
869 1480 970 1543 solum
996 1483 1189 1563 quantopere
1215 1482 1278 1545 lroc
1301 1503 1423 1566 quoque

235 1589 409 1654 subsidium
431 1591 471 1654 ad
492 1609 602 1654 sensus
622 1588 830 1654 inventionem
853 1589 1011 1667 conterat,
1039 1591 1096 1654 eed
1122 1589 1216 1654 etiem
1237 1611 1330 1672 qnam
1352 1591 1423 1656 dili·

234 1703 346 1784 genter
361 1699 529 1762 curandum
545 1697 603 1778 sit,
626 1702 661 1760 ut
676 1696 823 1780 adjuncta
836 1697 898 1762 rite
915 1701 1145 1782 cognoscentur
1159 1702 1193 1761 et
1209 1698 1421 1778 aestimentur,

235 1825 274 1871 ne
290 1807 328 1870 eis
344 1808 385 1871 iis
401 1811 543 1889 petatur,
565 1807 650 1887 quod
665 1805 791 1870 aliunde
806 1805 1020 1887 explicandum
1036 1811 1086 1870 est
1098 1804 1141 1891 ⁸).

259 1966 285 2034 ¹)
304 1974 343 2020 ite
354 1973 527 2022 consideretis
540 1972 667 2032 edjouctie
680 1972 772 2020 iesum
783 1970 913 2030 Apostoiie
927 1971 960 2018 ob
973 1970 1116 2018 nuntietnm
1131 1983 1205 2018 suom
1218 1984 1250 2020 ex
1266 1972 1316 2020 itoc
1332 1974 1423 2020 mondo

306 2064 449 2112 discessum
466 2063 588 2110 tristibus
607 2063 684 2110 Joen.
704 2062 769 2121 xiv,
791 2063 834 2110 tu.
853 2074 910 2121 sqq.
930 2073 977 2120 per
995 2056 1167 2128 Παράκλητοο
1195 2062 1302 2110 nonnisi
1320 2058 1424 2110 salitum

305 2151 408 2199 dtrinee
434 2151 610 2210 providentiae
637 2151 757 2200 euntium
785 2150 828 2198 sni
854 2150 915 2198 ioco
940 2149 1110 2210 promisisse,
1141 2161 1216 2198 nemo
1241 2151 1423 2200 eiucinebitnr.

259 2232 286 2298 ²)
306 2241 345 2288 nx
362 2241 413 2287 hoe
432 2240 518 2300 eepite
536 2241 616 2288 verite
635 2239 722 2288 iiietth.
740 2240 857 2300 xxiiii,
879 2241 922 2288 iit.
943 2234 1119 2307 Πορευθέντες
1136 2235 1323 2303 μαθητεύσατε
1342 2238 1425 2290 πάντα

305 2326 339 2378 τὰ
365 2323 445 2388 item
473 2322 644 2395 βαπτίζοντες
670 2323 766 2386 αὐτοὺς
784 2324 822 2386 εἰς
840 2326 870 2378 rd
889 2325 973 2394 ὄνομα
990 2327 1038 2378 τοῦ
1057 2326 1154 2398 πατρὸς
1173 2328 1217 2378 καὶ
1234 2328 1282 2380 τοῦ
1301 2325 1363 2380 υἱοῦ
1381 2330 1423 2379 eni

305 2417 335 2469 rei
355 2409 418 2484 leptis
435 2416 594 2484 reciperer,
622 2424 714 2480 utpote
742 2434 807 2480 ques
831 2423 863 2470 ed
890 2421 979 2469 uitine
996 2421 1098 2470 Domini
1122 2423 1148 2468 in
1174 2423 1274 2468 coelom
1291 2423 1423 2470 redemtis

305 2513 425 2560 mendete
443 2513 590 2572 pertinent,
610 2524 662 2558 non
679 2514 780 2570 tropice
800 2513 848 2560 sed
867 2512 976 2572 proprie
996 2512 1147 2572 accipienda
1165 2523 1245 2572 esse,
1265 2514 1389 2572 patescit.

256 2600 285 2665 d)
305 2601 377 2650 Unde
398 2603 595 2661 cognoscimus,
623 2601 679 2650 Act.
706 2599 758 2657 XV,
784 2602 829 2650 20.
857 2601 942 2660 legem
968 2601 1000 2648 de
1027 2613 1079 2648 non
1107 2601 1273 2650 comedendis
1301 2603 1423 2652 eerniime

304 2689 488 2738 sacriticaiibne
507 2704 559 2738 non
577 2692 660 2738 tuisse
678 2690 823 2738 ebeoiutem
842 2692 890 2740 eed
910 2691 1061 2749 reietivem,
1090 2693 1168 2740 intem
1197 2691 1229 2741 ob
1255 2691 1422 2744 elusionem

302 2783 460 2832 Judeeorom
477 2783 520 2830 tito
539 2785 657 2842 tenpore
676 2785 704 2828 et
721 2782 779 2828 loeo
798 2782 852 2840 eiie
869 2783 971 2830 rettone
989 2795 1042 2830 nou
1061 2782 1222 2842 ettonem,
1241 2785 1302 2842 quie
1320 2779 1421 2834 metitis

302 2874 505 2922 eircumeteniiie
525 2886 610 2920 aerum
628 2885 690 2920 esne
709 2873 883 2933 permittitur,
914 2873 1049 2920 dummodo
1067 2872 1161 2920 iutirml
1178 2885 1231 2922 non
1250 2872 1420 2922 odendentur.

303 2963 380 3010 (toni.
400 2965 421 3010 1.
442 2964 503 3010 cor.
521 2963 587 3010 viii.
607 2963 681 3016 iton.
699 2963 764 3020 XiV,
784 2964 810 3010 t.
831 2964 858 3010 d.

256 3045 282 3112 ⁸)
301 3052 345 3100 Sic
365 3066 388 3099 e.
409 3065 435 3112 ς.
455 3065 520 3116 quse
538 3053 635 3100 Penius
663 3054 737 3100 uon.
765 3053 838 3114 xiii,
871 3055 896 3100 1.
923 3065 981 3113 sqq.
1008 3056 1036 3101 et
1062 3052 1155 3100 Petrus
1181 3055 1202 3104 1.
1229 3065 1273 3112 ep.
1301 3055 1345 3115 ii,
1381 3056 1420 3101 it.

302 3156 359 3204 sqq.
379 3144 410 3190 de
430 3145 581 3192 reverentie
599 3147 626 3192 et
644 3143 792 3192 ohedientia
810 3154 872 3202 erge
891 3144 1057 3203 magistratus
1077 3144 1260 3204 praecipiunt,
1280 3146 1345 3194 ortis
1363 3147 1419 3192 ilio·

302 3234 440 3294 rumJueeu
453 3235 677 3294 persecutionibus
688 3235 904 3296 curisteum-cn,
921 3235 1013 3282 sumni
1026 3237 1146 3282 nometi
1159 3247 1220 3282 esse
1232 3235 1419 3296 intelliguntur.
1526 3245 1527 3252 ¹

254 3317 279 3389 ⁵)
299 3326 328 3372 id
346 3325 464 3386 obtinet,
484 3327 507 3372 si
520 3328 579 3374 Act.
593 3326 668 3387 XVI,
690 3327 717 3374 t.
736 3324 895 3376 'timotheum
909 3325 1059 3372 circumcidi
1070 3325 1153 3384 Jueeit
1168 3325 1275 3386 Penius,
1295 3329 1340 3386 ont
1357 3328 1418 3373 eiiee

301 3415 497 3476 ebrogetionem
520 3417 587 3476 legis
609 3415 742 3468 iioeeioee
759 3416 939 3467 ceremonieiis
958 3417 1043 3476 pelen
1065 3415 1247 3476 proclamerit,
1273 3421 1301 3466 et
1322 3419 1418 3466 ieeiiie

302 3507 433 3566 adjunctis
455 3507 538 3556 'i'itum
556 3507 766 3556 incircumcisum
787 3509 903 3561 comitem
922 3507 1020 3554 hebuit.
1040 3505 1095 3556 liei.
1114 3509 1156 3567 ii,
1176 3509 1204 3556 2.

254 3589 281 3662 ⁸)
300 3597 437 3652 Proiecto,
458 3611 523 3658 quae
547 3598 661 3644 Josnnee
681 3599 707 3653 i,
729 3601 754 3644 1.
773 3611 830 3659 eqq.
846 3599 956 3657 scripsit
975 3599 1007 3646 de
1024 3592 1112 3664 λόγῳ,
1136 3598 1201 3646 maie
1219 3602 1372 3658 repetuntur
1389 3611 1419 3645 en

303 3679 461 3732 commercio
477 3686 549 3733 urbis
573 3687 689 3747 Ephesi,
707 3687 750 3734 uisi
775 3688 941 3748 Evensseitste
965 3700 1012 3748 per
1035 3689 1124 3748 piures
1144 3700 1225 3734 ennoe
1245 3694 1418 3736 commoratus

302 3777 353 3834 eet,
373 3789 431 3822 eum
440 3775 599 3835 Alexandria,
619 3775 662 3822 ubi
674 3777 746 3823 Philo
766 3779 861 3838 siliqua
875 3777 967 3826 Judeei
977 3779 1139 3826 Aienendrini
1154 3778 1263 3826 similem
1278 3780 1418 3828 doctrinetn

300 3866 332 3912 de
347 3867 390 3914 νοϊ
402 3865 505 3926 divino,
525 3879 599 3927 quern
616 3869 642 3914 et
661 3860 738 3936 λόγον
758 3868 888 3928 dicerent,
907 3867 1105 3928 profitebantur.
1125 3869 1202 3918 coni.
1221 3869 1305 3930 sat.
1322 3873 1378 3918 not.
1392 3870 1416 3915 2.

487 4043 514 4111 s.
533 4037 576 4098 et.
592 4041 736 4114 Personae,
753 4043 788 4101 ad
804 4055 872 4117 quoe
889 4043 977 4104 oratio
993 4045 1170 4110 conrmfltm.

316 4191 377 4254 Ast
392 4210 454 4254 nou
470 4189 572 4254 solum
583 4190 623 4253 ad
635 4209 801 4273 personam
816 4190 994 4274 loquentem
1008 4191 1138 4278 ejusque
1153 4191 1301 4276 actiuncta
1316 4196 1418 4256 atten-

227 4302 281 4364 det
296 4299 465 4382 interpres,
481 4298 538 4362 sed
555 4299 648 4362 etism
664 4299 763 4380 probe
779 4299 960 4364 consideret
977 4319 1146 4382 personae,
1168 4302 1207 4364 ad
1220 4319 1299 4383 ques
1316 4300 1417 4364 oratio

228 4405 439 4485 convertitur,
468 4427 561 4490 quum
590 4406 636 4470 eis
668 4426 836 4491 earumque
859 4408 958 4472 indoli
979 4407 1111 4491 loquens
1139 4427 1158 4470 a
1185 4427 1219 4470 sc
1246 4407 1332 4474 dicta
1352 4414 1416 4472 turn

223 4515 347 4580 ratione
374 4513 534 4594 materiae,
570 4533 661 4598 quam
684 4518 811 4594 uectat,
840 4520 907 4580 tum
930 4516 1054 4580 ratione
1076 4517 1197 4582 termae
1217 4515 1416 4599 proponendi

225 4623 478 4690 accommodasse
503 4623 725 4690 existimandus
747 4625 800 4692 sit.
832 4626 900 4704 Qua
925 4624 1178 4692 consideretioue
1196 4625 1415 4709 interpretatio
