3112 5284
1229 408 1301 482 arr
1334 361 1339 370 “

194 588 280 637 rerbls
303 587 421 636 anbaldta
443 584 634 648 Justlbestlonls
654 587 730 647 plene
750 599 801 634 non
820 586 1004 647 proposuisse,
1034 590 1061 634 et
1080 586 1155 646 proln
1172 589 1307 646 interpret!

193 679 219 726 tn
239 677 290 725 lllls
304 678 370 724 solls
390 689 441 723 non
463 689 523 724 esse
540 676 747 732 substatendum,
767 677 792 723 st
808 676 840 722 de
862 677 909 724 hae
929 688 959 723 re
977 676 1081 736 plenum
1094 680 1120 724 et
1140 677 1307 736 adaequatum

192 768 242 818 albi
262 769 377 816 formare
391 769 454 815 velit
466 771 626 828 conceptum.

148 961 182 1017 ll.
201 961 403 1018 spectabas
421 957 789 1018 lNTERPRE'EA'ElssNIS
809 959 1073 1016 AU'l'llEN'l'lGAE
1093 961 1277 1028 REGULAE,

605 1066 654 1122 ET
682 1067 823 1135 obruant

662 1218 690 1286 ς.
707 1210 762 1270 nn.

582 1326 612 1393 a)
640 1324 846 1393 repetiere.

208 1457 340 1520 Praeter
361 1452 520 1542 generalia
540 1453 811 1536 interpretationis
828 1453 1026 1518 authenticae
1048 1455 1204 1536 subsidia,
1229 1477 1307 1541 quae

117 1563 212 1628 modo
229 1563 445 1649 exposuimus,
468 1561 652 1648 Magisterio
668 1561 830 1626 Ecclesiae
847 1561 1020 1626 catholicae
1037 1563 1129 1628 etiam
1152 1564 1306 1648 speciales

114 1673 242 1759 regulas
258 1677 322 1737 tam
338 1671 498 1758 negativas
520 1690 611 1755 qnam
627 1670 779 1753 positivus
807 1676 953 1755 acceptas
980 1671 1164 1752 referimus,
1194 1669 1305 1758 quibus

114 1800 230 1845 sensus
243 1780 378 1848 biblicus
395 1777 552 1844 delinitur.

206 1891 247 1955 Et
267 1889 394 1974 priores
422 1887 545 1974 quidem
570 1886 743 1971 praelatum
770 1887 930 1951 decretum
954 1888 1172 1953 Tridentinum
1197 1896 1306 1973 aperte

4 2019 8 2050 =
114 1999 274 2084 enuntiet,
298 2000 370 2064 dum
386 1997 512 2077 statuit,
533 1996 607 2082 quid
623 1996 779 2078 interpres
795 2017 857 2059 non
879 2015 984 2080 agere,
1008 2002 1062 2062 aut
1083 2019 1101 2062 a
1124 2019 1186 2081 quo
1208 1998 1307 2062 absti-

2 2111 7 2146 ²
112 2129 192 2174 nere
211 2113 366 2174 teneatur.
402 2106 535 2172 Scilicet
557 2110 683 2190 respuet
707 2104 1017 2189 interpretationem,
1051 2126 1131 2189 quae
1154 2106 1186 2170 in
1207 2109 1304 2172 robus

3 2207 6 2236 ¹
109 2216 193 2283 finci
208 2226 240 2282 et
254 2237 376 2282 morum
391 2215 497 2280 sensui
518 2212 680 2280 Ecclesiae
707 2220 740 2278 et
761 2214 898 2278 unanimi
921 2215 1088 2280 consensui
1103 2217 1229 2280 Potrnm
1251 2237 1304 2282 re-

3 2397 6 2422 ,
112 2331 242 2414 pugnat.
289 2329 386 2406 Quam
412 2324 452 2390 nb
479 2345 546 2388 rem
573 2322 675 2407 primo
702 2341 828 2388 sensnm
855 2343 913 2386 cen
939 2343 1046 2387 verum
1074 2346 1134 2388 non
1151 2325 1307 2406 admittat,
1427 2345 1430 2350 ¹

111 2435 170 2520 qni
184 2435 345 2521 analogiae
373 2433 536 2500 doctrinae
559 2427 734 2496 catholicae
760 2432 933 2518 generatim
958 2432 1163 2514 contradicit,
1195 2435 1307 2520 dogma

5 2573 7 2580 ¹
109 2543 238 2627 aliquod
255 2547 398 2608 evertens
415 2539 457 2627 ¹).
481 2539 558 2606 Dein
583 2539 750 2626 diligenter
771 2540 833 2604 sibi
854 2543 979 2621 caveat,
1003 2562 1042 2605 ne
1060 2542 1307 2627 interpretatio·

112 2673 186 2718 nem
213 2652 245 2714 in
270 2652 404 2716 medium
425 2649 587 2734 proterat,
612 2669 692 2733 quac
714 2649 903 2732 specialibus
925 2649 1088 2716 Ecclesiae
1109 2653 1305 2734 uniuersalis,

1 2758 7 2790 ¹
114 2761 185 2825 sive
200 2760 233 2824 in
249 2759 392 2824 Concilio
410 2760 619 2844 congregatae
634 2757 700 2820 sive
716 2757 878 2841 dispersae
895 2760 997 2842 quoad
1013 2779 1138 2824 sensum
1153 2761 1299 2840 biblicum

1 2854 6 2954 f
113 2868 329 2933 decisionibus
344 2865 503 2932 contraria
518 2868 577 2928 est.
623 2864 670 2928 Ex
689 2865 751 2928 lnoe
774 2865 878 2948 eapite
899 2865 1055 2950 interpres
1076 2867 1199 2930 minime
1214 2889 1307 2951 prae-

2 3039 6 3068 ,
113 2982 236 3059 sumat,
258 2975 435 3040 versionem
461 2973 644 3059 uolgatam,
668 2991 759 3057 mam
787 2971 962 3038 Concilium
987 2974 1131 3040 Trident.
1159 2997 1218 3060 pro
1246 2996 1305 3040 usu

2 3113 6 3158 ;
111 3086 241 3172 publico
258 3085 470 3152 authenticam
487 3082 673 3164 declaravit,
696 3082 840 3168 neglecto
857 3083 918 3148 hoc
944 3085 1073 3148 decreto
1097 3085 1138 3148 ob
1161 3086 1304 3150 mendum

1 3223 4 3250 ε
113 3195 241 3279 aliquod
256 3195 289 3258 in
306 3192 527 3258 essentialibus
543 3192 573 3255 ei
588 3211 752 3276 perperam
768 3192 953 3274 imputatum
969 3191 1114 3276 rejicere.
1150 3193 1223 3257 Pari
1238 3214 1306 3256 mo-

2 3313 5 3342 t
113 3303 156 3367 do
173 3302 211 3366 ab
228 3302 311 3366 omni
325 3301 586 3384 interpretatione
601 3299 776 3376 abstineat,
800 3320 861 3384 qua
886 3319 997 3366 sensns
1019 3321 1126 3365 eorum
1150 3301 1305 3383 locorum,

2 3407 3 3416 ’
113 3431 196 3498 qnos
217 3409 359 3476 Ecclesia
386 3409 563 3497 dogmatice
590 3409 734 3494 exposuit
750 3405 801 3495 (s.
819 3404 1044 3492 ara-181),
1068 3413 1228 3473 evertatur
1254 3412 1307 3476 vel

2 3501 4 3522 i
111 3520 295 3584 immutetur
310 3518 353 3604 ²).

206 3627 310 3711 Atque
335 3625 395 3690 bae
409 3623 537 3711 regulae
552 3645 615 3690 non
630 3625 736 3690 terunt
758 3624 989 3708 exceptionem,
1012 3645 1082 3691 cum
1110 3624 1203 3690 ullam
1229 3625 1306 3694 [idei

112 3733 281 3800 veritatem
297 3754 423 3821 negare,
447 3739 502 3798 ant
517 3733 680 3808 Ecclesiae
704 3753 845 3800 errorem
869 3734 1041 3818 imputare,
1065 3737 1180 3801 nemini
1200 3737 1305 3804 liceat.

111 3843 204 3910 Talis
220 3842 300 3908 enim
315 3862 409 3906 ansus
424 3862 487 3906 non
509 3846 629 3906 tantum
650 3843 792 3908 immensi
813 3843 915 3908 fastus
937 3849 1151 3930 argumentum
1174 3849 1306 3928 praebe-

112 3957 176 4030 ret,
201 3971 270 4014 eum
286 3971 349 4014 non
365 3948 467 4013 solum
489 3949 638 4033 majorem
655 3950 716 4014 sibi
731 3951 910 4035 interpres,
936 3972 1025 4036 mam
1042 3952 1204 4018 Ecclesiae
1220 3954 1306 4036 ejus-

114 4079 178 4142 que
194 4058 386 4123 Doctoribns
402 4057 441 4121 ab
458 4058 541 4122 omni
557 4063 644 4123 retro
660 4064 763 4125 aetate
781 4059 957 4124 celebribus
981 4061 1164 4144 sapientiam
1185 4064 1306 4126 tribue-

112 4173 187 4250 ret,
212 4168 268 4230 sed
296 4167 429 4230 divinam
455 4187 579 4250 quoqne
603 4167 841 4250 dispositionem
864 4173 1006 4233 evertere
1034 4175 1220 4248 conaretur,
1245 4193 1307 4254 qua

114 4275 383 4341 docensEcclesia
395 4280 444 4340 est
455 4275 598 4340 veritatis
610 4276 800 4339 christianae
812 4277 962 4361 magistra
972 4275 1144 4342 infallibilis
1156 4277 1303 4363 (§.l75).

143 4435 155 4469 ²
175 4441 251 4488 dont.
277 4441 301 4500 ς.
325 4442 385 4488 178.
405 4439 438 4488 Ut
457 4441 571 4501 exemplo
588 4443 706 4497 utamur,
728 4439 857 4499 interpres
875 4453 905 4486 ex
925 4442 984 4487 loeo
1000 4442 1068 4500 apud
1085 4439 1159 4486 doen.
1176 4440 1240 4500 xlv,
1261 4443 1305 4498 28,

188 4531 231 4579 nbi
250 4531 375 4580 Dominus
395 4534 427 4580 de
451 4543 481 4580 se
505 4533 585 4581 dlelt=
614 4533 680 4591 Quia
705 4533 789 4579 Potes·
810 4531 897 4594 medes·
921 4545 962 4579 me
992 4536 1050 4592 est,
1070 4535 1143 4577 reete
1169 4532 1304 4591 judicabit,

187 4625 229 4670 btc
242 4635 303 4670 erse
325 4625 359 4672 de
379 4623 481 4671 cbristo
501 4637 658 4678 sermonem,
686 4623 758 4682 quast
780 4635 868 4670 merus
889 4623 969 4670 tuerit
987 4625 1077 4681 hemo,
1106 4623 1154 4668 aad
1175 4623 1258 4684 absit,
1278 4629 1306 4674 ut
