3120 5294
1264 477 1318 554 57

5 667 7 708 l
118 667 205 734 sacri
236 685 391 752 nunquam
426 685 489 730 uon
525 658 707 727 necessaria
740 659 869 740 luisset,
905 660 988 725 baud
1016 659 1110 724 dubie
1133 679 1152 723 s
1174 665 1317 748 tempore

117 777 296 858 descendit,
320 797 382 860 quo
405 774 513 860 lingua
535 772 636 835 adbuc
659 768 793 852 vivebat,
817 769 950 852 primurn
975 769 1100 854 quidem
1123 773 1224 836 solum
1247 777 1317 839 viva

5 861 8 890 ¹
117 905 199 948 voce
230 884 263 946 in
298 881 417 946 scholis
452 879 586 958 tradita,
622 882 735 960 postea
762 896 839 940 vero
871 877 964 940 etiam
994 876 1028 940 in
1051 877 1169 942 diversi
1190 881 1318 965 generis

5 951 9 1074 ἱ
119 992 252 1075 scriptis
276 990 423 1073 deposita
446 992 478 1051 et
501 986 693 1070 pedetentim
716 983 815 1070 magis
840 985 974 1048 exculta.
1013 984 1124 1068 Neque
1146 987 1226 1050 bace
1249 993 1319 1052 tra·

5 1131 9 1164 ι
117 1100 199 1166 ditio
224 1099 308 1163 inter
330 1115 509 1183 synagogae
532 1093 671 1177 parietes
701 1091 827 1156 reclusa
844 1092 987 1172 mansit,
1012 1095 1068 1157 sed
1100 1113 1170 1158 mor
1194 1095 1227 1158 in
1249 1096 1319 1179 pri-

5 1223 9 1256 ¹
117 1208 179 1272 mis
203 1207 273 1271 aevi
296 1203 461 1270 christiani
484 1201 620 1268 saeculis
643 1201 738 1266 etiam
762 1201 802 1264 ad
823 1199 997 1264 Ecclesiam
1022 1202 1186 1266 emanavit.
1227 1203 1314 1267 Ori·

5 1315 8 1346 *
115 1335 255 1402 genem
276 1314 358 1376 enim
375 1317 407 1376 et
422 1309 611 1396 praesertim
627 1309 902 1393 Hieronymum
918 1308 1082 1372 literarum
1100 1309 1317 1374 hebraicarum

5 1409 9 1526 ζ
115 1422 225 1488 studio
250 1420 385 1486 caeteris
407 1419 554 1484 Patribus
585 1415 728 1480 omnibns
756 1414 850 1502 longe
873 1415 1073 1499 superiores,
1097 1416 1226 1500 ejusque
1249 1419 1319 1502 pri.

4 1589 9 1622 ,
115 1551 185 1596 mos
218 1531 252 1594 in
285 1528 429 1594 Ecclesia
463 1525 635 1592 christiana
668 1521 914 1609 suffragatores,
949 1523 1074 1609 linguae
1103 1526 1139 1589 V.
1163 1527 1202 1590 Τ.
1227 1545 1319 1610 quam

114 1639 283 1718 habebant,
308 1637 519 1723 cognitionem
540 1633 668 1699 ludaeis
683 1630 970 1697 Palaestinensibus
997 1637 1158 1716 acceptam
1185 1633 1317 1710 reterre,

4 1771 8 1802 ι
114 1753 226 1812 notum
251 1751 300 1810 est
324 1743 434 1826 (conl.
455 1745 489 1825 S.
513 1744 568 1809 33.
590 1739 737 1829 not.1.).
785 1740 864 1806 Cum
885 1760 960 1804 vero
985 1761 1023 1804 ea
1045 1742 1098 1820 sit,
1123 1761 1213 1825 quam
1237 1739 1318 1804 dixi-

4 1865 8 1892 *
112 1875 195 1935 mus,
218 1853 313 1936 hujus
334 1850 515 1916 traditionis
538 1849 629 1934 origo
653 1868 691 1911 ao
714 1847 883 1926 derivatio,
916 1847 1124 1934 intelligitur,
1148 1849 1177 1911 ei
1200 1848 1315 1912 merito

4 1957 8 1986 '
112 1959 210 2027 fidem
233 1960 438 2024 adhibendam
463 1978 543 2033 esse,
567 1956 629 2020 nisi
652 1960 763 2019 eontra
782 1955 906 2037 fontes,
930 1975 988 2038 per
1012 1976 1091 2041 quos
1114 1957 1153 2020 ad
1177 1976 1235 2020 nos
1258 1958 1316 2020 de-

4 2135 7 2166 ,
116 2071 266 2152 manavit,
285 2068 375 2152 justa
398 2065 541 2151 exceptio
564 2056 668 2128 locum
691 2062 815 2126 habeat.

482 2353 511 2422 s.
529 2353 570 2412 tt.
587 2351 751 2412 Tredttonts
765 2352 847 2426 nujus
862 2352 960 2414 tonus

208 2573 327 2638 Fontes
350 2592 426 2638 vero
450 2572 631 2636 traditionis
655 2570 748 2654 hujus
770 2571 990 2658 philologicos,
1016 2573 1069 2656 qui
1091 2574 1182 2638 nobis
1199 2579 1317 2657 patent,

2 2684 5 2715 ¹
115 2683 200 2746 siout
224 2681 279 2744 alii
299 2686 411 2762 testes,
435 2681 489 2765 qui
510 2678 604 2744 fidem
628 2685 824 2760 mereantur,
858 2681 1047 2746 dexteritate
1077 2687 1109 2746 et
1134 2683 1319 2746 sinceritate

2 2778 4 2807 ¹
114 2791 384 2870 commendentur,
408 2807 539 2852 neeesse
563 2793 623 2852 est.

207 2915 351 2978 Priorem
373 2914 523 2978 virtutem
546 2917 630 2999 quod
652 2915 778 2995 attinet,
801 2914 943 2978 nonnulli
967 2913 1079 2978 horum
1102 2915 1235 2980 fontium
1261 2935 1317 2998 pa-

111 3045 181 3089 rum
206 3023 325 3088 distant
348 3023 387 3088 ab
411 3028 532 3102 aetate,
569 3043 630 3107 qua
652 3023 759 3108 lingua
780 3021 946 3104 hebraica,
983 3023 1011 3088 si
1034 3023 1153 3087 nonin
1177 3045 1234 3086 ore
1257 3044 1319 3105 po-

111 3134 197 3218 puli,
223 3132 255 3194 in
279 3131 409 3216 scriptis
433 3131 544 3194 saltem
575 3130 770 3194 eruditorum
800 3130 902 3194 adbuc
925 3131 1065 3210 vivebat,
1089 3131 1135 3194 ita
1158 3137 1193 3194 nt
1217 3152 1254 3194 cx
1277 3131 1317 3194 iis

112 3241 317 3306 traditionem
355 3240 422 3303 fere
462 3238 669 3302 immediatam
703 3259 741 3302 ao
779 3238 858 3302 satis
893 3259 1007 3322 puram
1046 3239 1173 3302 haurire
1212 3239 1317 3300 lineat.

110 3351 208 3415 Aliud
231 3350 353 3431 pondus
376 3347 440 3412 illis
462 3346 595 3426 accedit,
620 3347 704 3431 qood
728 3367 837 3410 eorum
860 3351 1007 3410 auctores
1023 3346 1207 3430 plerumque
1223 3345 1317 3408 unius

113 3457 284 3522 alteriusve
313 3455 442 3520 dialecti
465 3462 617 3542 cognatae
640 3455 711 3540 plus
747 3455 887 3518 minusve
922 3454 1019 3539 periti
1053 3454 1201 3534 fuerunt,
1237 3473 1317 3537 quae

112 3565 229 3647 peritia
251 3563 330 3647 ipsis
353 3565 385 3626 in
407 3564 469 3628 rite
494 3563 721 3647 perspiciendis
751 3569 783 3627 et
816 3563 1045 3628 constituendis
1070 3559 1314 3648 significationi·
1404 3566 1406 3570 ’

110 3672 170 3736 bus
192 3671 350 3736 hebraicis
374 3671 582 3754 adjumentum
606 3672 761 3754 praebuit.
784 3673 846 3736 Ubi
868 3693 944 3737 vcro
969 3693 1038 3736 cum
1062 3671 1111 3735 bis
1141 3688 1316 3754 praeroga-

111 3780 185 3844 tivis
210 3780 303 3844 simul
338 3787 458 3845 rectum
483 3785 515 3844 et
540 3779 744 3844 exercitatum
773 3777 927 3861 judicium
963 3779 1173 3865 conjungunt,
1198 3799 1217 3842 a
1239 3798 1316 3861 par-

111 3888 190 3952 tium
213 3888 318 3952 studio
343 3892 375 3952 et
397 3907 417 3952 a
438 3887 628 3951 recentioris
658 3888 727 3951 aevi
751 3887 950 3971 opinionibus
973 3889 1066 3952 liberi
1088 3891 1176 3966 sunt,
1212 3905 1314 3968 neque

112 3996 178 4060 ulla
201 4002 289 4060 certa
312 3996 450 4081 suspicio
474 3998 584 4059 adesse
608 4001 731 4079 potest,
762 4017 816 4060 cos
847 4019 909 4060 non
933 4002 982 4060 sat
1005 3995 1143 4060 fideliter
1166 3999 1312 4058 versatos

112 4123 184 4168 esse
208 4109 264 4168 aut
286 4105 478 4188 conjecturis
498 4103 679 4168 indulsisse.
727 4105 848 4182 Quodsi
870 4105 993 4184 fontes,
1030 4104 1084 4189 qui
1107 4102 1185 4166 alias
1209 4102 1317 4164 diver·

113 4230 180 4274 sam
210 4213 417 4278 directionem
445 4216 638 4297 sequuntur,
667 4213 715 4276 uti
738 4234 766 4276 e.
786 4233 821 4298 g.
845 4211 1097 4276 Palaestinenses
1121 4216 1155 4274 et
1177 4209 1315 4273 Alexan-

112 4319 207 4401 drini,
228 4321 262 4384 in
284 4321 528 4386 determinandis
550 4341 662 4384 vocum
685 4339 722 4383 ao
745 4319 906 4402 phrasium
926 4316 1208 4405 significationibus
1233 4338 1311 4380 oon-

115 4427 265 4508 sentiunt,
290 4429 465 4494 constantis
488 4428 669 4492 traditionis
691 4427 907 4492 testimoninm
930 4426 1075 4493 babetur.

204 4556 254 4619 Ad
275 4555 443 4639 primarios
465 4553 646 4619 traditionis
669 4553 859 4616 ludaeorum
881 4553 987 4618 tontes
1011 4553 1043 4616 in
1066 4551 1173 4635 specie
1197 4546 1315 4610 reteri-

115 4681 202 4727 mus:
227 4667 387 4747 antiquos
402 4666 585 4745 versiones,
619 4664 751 4728 codices
777 4663 976 4751 tolmudicos
1004 4670 1035 4723 et
1065 4657 1314 4734 midrascbicos,
