3120 5294
243 469 294 544 tt

246 644 431 709 nominatim
447 643 600 724 Hebraei,
626 644 779 710 voeabula
794 647 832 711 ab
848 645 957 712 illaad
973 646 1036 712 alia
1049 643 1256 733 significanda
1272 647 1458 712 transterre

247 753 468 818 consueverint
485 751 529 840 ⁸).

338 861 370 924 3.
387 859 459 924 Νοιι
476 860 577 923 miuus
593 881 651 946 pro
668 883 823 946 prospero
841 863 1002 952 analogiae
1019 883 1077 928 usn
1091 864 1215 948 praevie
1233 863 1296 926 sibi
1310 864 1455 928 familis-

247 991 300 1036 res
316 971 427 1034 reddat
443 969 601 1052 interpres
616 976 682 1034 turn
699 969 948 1058 significationes
963 973 1149 1054 verborum,
1174 973 1336 1037 nominum
1353 979 1454 1058 atque
1541 989 1542 992 ’

246 1076 470 1162 particularum
485 1078 645 1160 formales,
674 1084 741 1144 tum
757 1101 824 1144 earn
839 1081 1004 1161 rationem,
1021 1103 1113 1166 quam
1128 1079 1281 1160 Hebraei,
1304 1102 1324 1144 a
1349 1082 1452 1146 certis

247 1182 428 1268 notionibus
445 1191 548 1248 certes
565 1184 642 1248 alias
658 1187 845 1266 derivantes,
854 1187 945 1272 sequi
956 1187 1139 1271 solitisunt.
1156 1188 1267 1266 Quoad
1284 1185 1453 1273 signitica-

247 1294 353 1358 tioues
370 1291 696 1379 significationumque
712 1296 945 1360 immutationes
962 1297 1059 1361 certis
1081 1295 1193 1360 formis
1217 1295 1266 1360 vel
1296 1296 1453 1380 loquendi

248 1399 425 1464 rationibus
441 1400 641 1465 inhaerentes
653 1401 810 1486 dispiciat,
824 1425 896 1466 uum
910 1403 973 1467 sint
987 1409 1178 1484 constantes,
1191 1425 1230 1467 au
1244 1402 1452 1486 exceptiones

248 1508 320 1592 plus
336 1507 476 1571 minusve
491 1509 674 1594 frequentes
691 1511 865 1576 admittant.
882 1514 952 1590 Quo
967 1512 1199 1578 constantiores
1214 1530 1266 1574 eas
1279 1509 1451 1588 invenerit,
1541 1549 1542 1564 t

252 1636 290 1680 eo
309 1615 463 1680 certiores
479 1616 551 1680 iude
567 1619 724 1682 deducere
740 1618 859 1702 poterit
877 1619 1096 1684 conclusiones
1112 1612 1156 1706 ⁴).

343 1724 375 1788 is.
393 1724 473 1803 Quia
488 1745 585 1808 porro
603 1726 703 1810 prima
717 1725 935 1792 hebraicorum
952 1726 1141 1814 significatio
1157 1729 1240 1791 baud
1256 1746 1328 1790 raro
1345 1725 1452 1789 solnm

251 1833 284 1896 iu
301 1833 445 1897 dialectis
461 1841 623 1920 superstes
640 1843 699 1918 est,
718 1842 749 1901 et
765 1837 872 1924 lingua
886 1837 1033 1900 hebraice
1048 1842 1115 1902 tum
1131 1837 1233 1922 quoad
1249 1840 1446 1918 potestatem

248 1941 419 2007 formarum
435 1965 472 2007 ac
488 1945 658 2028 phrasium,
674 1951 740 2010 tum
758 1949 860 2032 quoad
876 1947 1050 2032 analogiam
1069 1943 1333 2032 significationum
1352 1944 1450 2007 etiam

251 2074 321 2116 cum
337 2053 406 2115 aliis
421 2053 548 2140 linguis,
570 2057 756 2140 praesertim
780 2056 933 2142 cognatis,
951 2055 1121 2142 conspirat,
1139 2053 1275 2122 studium
1288 2054 1450 2136 etymolo-

250 2162 321 2248 giae
338 2166 370 2224 ct
397 2163 574 2248 analogiae,
598 2170 634 2230 ut
656 2165 796 2230 feliciter
818 2166 926 2245 cedat,
953 2186 1023 2230 cum
1045 2163 1214 2230 collatione
1242 2161 1453 2228 dialectorum

253 2267 502 2354 conjungendum
519 2270 579 2334 erit
597 2271 640 2358 ὁ).

343 2379 374 2442 5.
390 2378 542 2462 lienique,
559 2381 632 2461 quia
646 2401 748 2466 neque
765 2379 973 2468 etymologiae
989 2401 1090 2466 neque
1112 2379 1274 2464 analogiae
1300 2384 1368 2458 est,
1390 2376 1450 2440 he·

252 2485 378 2549 braicae
393 2485 519 2572 liuguae
535 2508 624 2551 usum
641 2489 791 2575 loquendi
807 2496 894 2555 certe
918 2492 1052 2570 docere,
1076 2490 1132 2552 sed
1158 2487 1259 2552 solum
1285 2487 1451 2550 illustrare

253 2614 290 2656 ac
307 2592 503 2675 confirmare,
521 2599 689 2662 cavendum
707 2603 765 2678 est,
782 2619 821 2663 ne
839 2617 891 2662 eas
908 2604 1020 2664 contra
1035 2617 1136 2679 usum,
1152 2596 1206 2660 ubi
1221 2597 1249 2660 is
1262 2593 1387 2660 aliunde
1400 2598 1452 2656 sat

253 2703 398 2788 cognitus
416 2708 475 2783 est,
492 2705 635 2788 sequaris
652 2704 695 2792 ⁰).

280 2863 304 2929 ¹)
327 2870 383 2928 Quo
403 2872 489 2932 ruant,
510 2872 552 2932 qui
562 2871 666 2920 deserta
679 2872 722 2920 vis
735 2873 860 2922 historica
870 2873 896 2920 in
909 2873 995 2922 studio
1007 2871 1176 2932 etymologica
1190 2871 1348 2930 conjecturis
1363 2869 1454 2915 indul-

326 2963 397 3019 gent,
416 2960 512 3006 docent
526 2959 712 3023 Gusaetii,
731 2963 948 3022 Naumanui,
965 2959 1147 3007 bosacberi
1165 2959 1322 3017 aliorumque
1334 2969 1452 3004 errores.

279 3043 304 3109 ²)
326 3051 438 3108 Quarum
457 3053 543 3112 legum
561 3054 604 3111 qui
622 3052 742 3100 babuerit
760 3053 903 3114 ratonem,
934 3053 1001 3100 salet
1019 3063 1043 3099 e.
1063 3061 1090 3110 ς.
1119 3044 1143 3097 'st
1169 3050 1269 3109 qnidam
1296 3048 1452 3108 pronuntia·

326 3139 397 3187 tione
416 3140 447 3186 ad
466 3153 557 3188 sonum
577 3144 594 3189 n
613 3143 759 3203 accedere,
782 3147 889 3190 eatenus
909 3143 996 3188 tamen
1014 3139 1046 3186 ab
1065 3141 1116 3186 boc
1135 3139 1305 3197 discrepare,
1326 3142 1452 3198 quaoenns

327 3230 512 3291 probabiliter,
542 3243 599 3278 eum
628 3237 700 3280 esset
727 3235 842 3294 ejusdem
868 3225 969 3280 eumd
1000 3231 1126 3292 originis,
1153 3229 1185 3276 ab
1213 3228 1326 3288 antiquis
1356 3227 1452 3274 lortius

327 3321 548 3380 pronuntiabatur.
588 3324 649 3371 inde
678 3325 824 3384 intelliget,
857 3322 936 3372 rerba
964 3327 1016 3395 ab?
1036 3322 1133 3370 clausit
1160 3324 1187 3367 at
1216 3313 1274 3394 aab
1303 3321 1453 3366 mercedem

328 3411 410 3471 dedit,
429 3425 508 3472 porro
527 3391 581 3488 53?
601 3417 699 3463 stultos
718 3411 774 3476 fuit
791 3419 818 3460 et
836 3391 897 3486 5327
915 3415 1045 3486 prudens,
1065 3411 1216 3473 intelligeres
1235 3407 1303 3472 soit,
1325 3421 1390 3470 qnae
1405 3421 1455 3467 po·
1541 3395 1542 3446 ζ

329 3506 425 3548 testate
444 3505 510 3551 adeo
528 3503 660 3564 diileruut,
680 3516 789 3563 arguere
803 3504 906 3550 radices
921 3517 1028 3563 prorsus
1046 3503 1172 3550 diversas.
1192 3501 1257 3561 Quia
1275 3513 1338 3548 varo
1358 3499 1452 3546 discri-

330 3604 388 3638 men
411 3593 554 3642 interillos
573 3607 652 3640 sonos
671 3593 815 3652 posteriori
833 3606 898 3642 aevo
918 3593 1088 3642 obliteratum
1107 3597 1157 3648 est.
1178 3591 1217 3640 ita
1234 3595 1263 3638 ut
1282 3590 1342 3648 syri
1360 3591 1453 3638 solon

330 3687 355 3727 et
374 3681 472 3730 Arabes
492 3683 548 3730 solo
568 3675 591 3730 't’
612 3686 763 3740 uterentur,
791 3687 816 3731 et
843 3685 1005 3732 recentiores
1030 3684 1140 3732 Hebraei
1164 3683 1271 3730 aiterum
1296 3693 1353 3728 cum
1372 3682 1452 3728 muro

329 3776 516 3830 permutarent,
534 3786 585 3819 non
604 3775 746 3835 mirabitur,
766 3776 788 3822 si
806 3777 873 3822 ldsra
888 3777 930 3836 tv,
951 3776 977 3822 5.
997 3775 1111 3822 occurrit
1129 3777 1181 3847 '139
1198 3792 1229 3814 =
1246 3765 1305 3844 salig
1329 3771 1454 3818 mercede
1541 3791 1542 3832 3

333 3863 469 3909 conducit.
497 3889 530 3898 -
557 3865 653 3912 Contra
672 3867 715 3924 qui
734 3866 924 3927 observaverit,
944 3867 1066 3927 quasdam
1085 3867 1173 3911 literae
1195 3863 1387 3922 Hebraeorum,
1405 3873 1455 3906 no·
1541 3855 1542 3872 ¹

331 3952 443 3998 minatim
461 3954 608 4011 sibilantes,
635 3955 795 4016 gutturales,
820 3956 945 4016 liquidas,
972 3955 1097 4015 palatinas
1118 3958 1145 4001 ct
1163 3953 1270 4000 labiales
1290 3951 1369 3998 tacite
1388 3952 1455 3996 inter

332 4055 361 4089 ec
379 4046 535 4102 permutari,
561 4051 588 4092 et
605 4049 758 4104 praesertim
777 4050 845 4107 apud
863 4049 995 4095 Hebraeos
1013 4046 1192 4104 recentiores,
1219 4041 1452 4090 adscensionem
1541 4057 1542 4060 ¹

330 4133 503 4194 inclinantes,
522 4137 610 4184 literas
639 4138 759 4186 duriores
789 4142 815 4186 in
841 4141 975 4186 molliores
1001 4137 1156 4194 transiisse,
1177 4147 1229 4182 non
1249 4133 1410 4192 attendetur,
1429 4131 1452 4180 si
1541 4185 1542 4198 ἦ

332 4237 355 4272 ⁰·
374 4237 399 4284 Β·
424 4227 450 4272 ῖῦ
478 4202 540 4300 iiii·
560 4204 614 4302 05?
640 4233 667 4275 et
691 4205 746 4302 γὲρ
764 4229 863 4276 hilaris
884 4227 954 4291 fuit,
973 4203 1033 4300 ttsst)
1060 4229 1087 4274 et
1109 4203 1169 4298 tob?
1192 4225 1452 4288 eicpsnaest,porro
1541 4245 1542 4266 r

331 4317 357 4361 1¹¹
380 4309 442 4389 Ρῦρ
466 4319 492 4363 ei
514 4319 571 4392 PU?
599 4318 666 4366 ra'sa't
692 4320 782 4366 literas
810 4323 968 4379 permutatas
997 4321 1053 4366 siue
1085 4314 1244 4376 significatus
1278 4311 1453 4358 vicissitudine

331 4407 433 4467 legerit.
453 4408 545 4454 itidem
562 4411 703 4456 scrutatori
717 4409 835 4469 linguae,
855 4411 898 4470 qui
917 4409 1036 4468 noverit,
1062 4410 1089 4454 in
1112 4405 1243 4455 hebraicis
1262 4403 1353 4448 literas
1383 4400 1453 4446 etiam

332 4499 484 4558 transponi,
512 4512 561 4545 uon
589 4501 625 4546 ita
650 4499 741 4546 crebro
765 4505 866 4559 umen,
894 4503 921 4547 et
939 4501 996 4546 iere
1016 4498 1151 4546 sibilantes
1170 4499 1269 4542 tautum
1288 4495 1315 4540 et
1333 4497 1369 4546 t,
1389 4489 1454 4536 nuda

334 4589 470 4638 difficultas
491 4591 641 4652 creabitur,
662 4593 685 4639 si
705 4605 728 4639 e.
748 4605 774 4652 g.
795 4594 930 4652 aliquoties
950 4604 997 4652 pro
1017 4585 1078 4664 bip}
1105 4601 1189 4650 anana
1211 4579 1293 4658 2273,
1323 4594 1384 4661 pron
1402 4559 1452 4652 bap

333 4683 428 4730 stultus
445 4681 501 4746 soit
522 4660 575 4759 bn?
600 4692 624 4732 et
650 4697 698 4746 pro
723 4687 761 4757 713
790 4685 876 4732 secuit
924 4688 963 4757 tp?
997 4683 1120 4741 scripturn
1156 4676 1293 4727 invenerit.
1332 4699 1365 4708 -
1402 4671 1454 4722 Pari
