3190 5290
577 1215 802 1308 PARS
848 1218 903 1304 1.

435 1525 495 1589 llll
521 1519 683 1588 seusu
705 1519 1052 1586 uxrhouluoo.

636 1831 797 1928 lltllt
819 1813 854 1925 l.

143 2012 179 2072 uu
200 2011 298 2071 SENSU
316 2009 504 2070 exploratio
523 2008 687 2068 Puluillus
706 2006 936 2066 lN'llillPltElllllll
954 2005 1153 2068 Ullvlusltl's
1173 2005 1211 2064 lu
1227 2003 1342 2064 stultit

553 2116 738 2178 SORlPlUllllll
751 2115 937 2176 lirulullls.

325 2273 407 2373 ἡ.
421 2303 566 2377 supremae
580 2313 676 2360 sensus
691 2300 850 2374 exploranti
864 2299 1029 2360 mntlttonss
1043 2300 1073 2358 et
1086 2299 1169 2372 leges

219 2457 315 2537 ¹Quia
330 2453 516 2540 principium
532 2457 674 2520 nostrum
684 2451 786 2537 jubet,
804 2452 836 2516 in
853 2473 947 2520 sensu
963 2451 1186 2538 ascripturum
1202 2450 1340 2516 eruendo

143 2569 180 2631 ad
205 2587 260 2632 eas
283 2566 371 2651 leges
397 2565 575 2644 attendere,
600 2563 713 2646 quibus
736 2563 767 2626 in
791 2563 861 2647 ipsa
878 2563 1099 2628 commercium
1116 2561 1342 2648 cogitationum

137 2674 330 2741 ‘adstrictum
358 2678 425 2756 est,
457 2669 559 2756 quod,
591 2677 745 2756 quatenus
771 2671 987 2758 Hagiographi
1012 2693 1048 2736 ax
1075 2673 1208 2736 humana
1230 2671 1343 2750 solum,

140 2803 203 2868 ‘qna
219 2778 605 2866 utebantur‚‘eliicacitate
621 2785 815 2867 spectantur,
831 2781 1089 2847 aconsuetudine
1100 2780 1248 2864 loquendi
1261 2780 1343 2864 apud

138 2916 199 2960 eos
224 2912 395 2975 eorumque
412 2891 550 2957 lectores
566 2896 696 2976 recepto
711 2896 805 2974 atque
820 2891 859 2955 als
875 2890 1103 2956 universalibus
1121 2889 1280 2977 cogitandi
1296 2890 1343 2954 lc-

137 3003 236 3089 gibus
253 3002 389 3086 pendere
405 2999 539 3063 diximus
562 2998 613 3087 (S.
630 2996 690 3085 8):
711 2998 775 3082 jam
797 2998 1023 3084 dispiciendum
1047 3003 1112 3079 est,
1136 3021 1209 3063 num
1232 3018 1343 3082 reapse

144 3109 386 3176 communicatio
403 3107 565 3173 notionum
581 3106 664 3172 inter
679 3107 839 3188 homines,
860 3129 897 3172 ac
920 3109 1011 3193 proin
1028 3107 1121 3173 etiam
1137 3106 1345 3194 intelligentia

142 3220 297 3286 orationis
313 3222 465 3285 humanae
487 3218 559 3283 istis
584 3217 816 3283 conditionibus
839 3218 1000 3283 innitatur.
1034 3219 1074 3282 ut
1099 3237 1174 3282 sanc
1202 3217 1234 3282 in
1262 3218 1344 3282 omni

142 3329 303 3396 homiuum
320 3327 480 3410 oratione,
505 3327 580 3393 sive
598 3347 655 3392 ore
669 3328 794 3412 prolata
810 3328 875 3393 siue
889 3317 997 3392 'litenis
1012 3327 1152 3414 signata,
1181 3327 1242 3390 duo
1260 3332 1344 3411 sunt,

145 3460 225 3521 quae
252 3459 321 3503 eam
349 3437 563 3523 constituunt,
591 3457 701 3524 nempe
726 3437 878 3504 vocabula
895 3457 956 3522 qus
970 3441 1070 3522 stpna
1086 3441 1119 3502 et
1135 3436 1345 3524 cogitationes

143 3546 304 3630 loquentia
320 3566 381 3629 qua
405 3567 462 3612 rcs
484 3549 702 3634 munificatuc.
742 3543 792 3612 Aa
818 3549 896 3613 lreec
924 3547 986 3612 uuo
1014 3567 1090 3633 ergo
1115 3545 1344 3632 respiciendum

145 3657 223 3741 crit,
240 3659 276 3720 nt
292 3657 395 3722 oratio
412 3655 618 3742 intelligatur.
1019 3635 1024 3658 ⁸

234 3765 326 3845 Quod
341 3765 475 3850 primum
490 3769 654 3833 uocabula
671 3767 800 3846 attinet,
823 3769 966 3833 omnibns
981 3772 1089 3832 notum
1106 3772 1172 3844 est,
1195 3767 1346 3850 quidquid

146 3873 247 3938 animo
264 3870 442 3961 effingimus
458 3875 570 3961 (sensa
586 3881 618 3940 et
635 3875 794 3963 cogitata)
811 3897 873 3961 ops
889 3877 1113 3941 vocabulorum
1129 3876 1174 3940 ito
1191 3896 1260 3939 cum
1274 3875 1346 3940 aliis

146 3982 387 4062 communicari,
412 3989 447 4048 ut
470 4005 529 4069 pro
550 3986 674 4050 ratione
690 3985 828 4050 idearum
845 3984 1066 4052 associationis
1082 3985 1163 4049 idem
1180 3984 1241 4048 silai
1256 3985 1346 4071 cogi·

147 4091 267 4157 tatione
291 4089 451 4178 effingunt.
486 4095 585 4159 Adest
609 4095 715 4178 itaquo
743 4115 839 4160 nexus
863 4095 945 4160 inter
961 4115 1056 4161 voces
1072 4099 1105 4160 et
1119 4115 1174 4160 eas
1190 4094 1347 4173 notiones,

149 4219 227 4281 ques
237 4219 320 4264 »usus
336 4201 557 4266 uocabulorum
575 4203 691 4268 exoriri
706 4203 800 4284 lacit,
825 4222 895 4268 oum
921 4204 1123 4288 prioresque
1139 4203 1228 4289 signa
1243 4202 1347 4266 conti-

147 4328 211 4371 nuo
227 4309 422 4393 posteriores
438 4331 499 4393 qua
514 4331 565 4376 res
582 4310 775 4398 significatas
790 4313 975 4397 producant.
999 4312 1105 4376 Naxus
1121 4312 1173 4376 lric
1190 4311 1273 4376 inter
1289 4331 1346 4374 vo·

142 4437 205 4480 -cos
233 4437 400 4500 earumque
427 4418 592 4499 notiones,
620 4421 673 4484 cui
694 4421 920 4486 ¹commercium
949 4421 1107 4486 hominnm
1134 4419 1348 4484 intellectuale

151 4524 305 4604 innititur,
322 4548 405 4591 usus
421 4531 577 4611 loquercdi
591 4529 717 4593 dicitur.
735 4531 774 4594 llt
791 4532 864 4614 quia
880 4531 1054 4615 scriptores
1065 4527 1243 4610 quicunque
1254 4545 1348 4587 sanae

49 4713 51 4718 ,
152 4635 265 4704 nentis
283 4637 321 4702 alr
337 4637 517 4723 aequalibus
534 4637 670 4732 intelligi
684 4639 811 4722 solunt,
829 4646 859 4708 ct
876 4645 1046 4728 propterea¹
1060 4637 1191 4712 uocibus
1208 4653 1274 4710 sse
1290 4635 1347 4702 αεὶ·
