3190 5290
257 531 500 620 niqnepctiores
515 550 586 596 enm
598 533 729 596 tuentur
742 528 894 613 rationes,
908 529 984 616 qnin
1000 495 1091 594 c'ne
1107 527 1290 596 excludatur
1305 527 1446 608 cinisium,

257 645 510 729 concussum,
536 641 777 727 improbabilis,
797 641 936 723 doceo,
963 640 1162 726 probabitis,
1187 639 1361 726 generatim
1380 658 1450 704 nou

257 763 370 822 cerem
384 751 512 818 (licitur.
985 736 1005 824 ζ’

346 860 465 927 sontes
480 877 592 926 sensus
606 858 708 925 minus
723 858 805 924 certi
819 863 893 924 sunt
908 859 983 954 cinq:
1011 877 1145 944 qnorum
1160 857 1251 942 prior
1265 856 1388 923 residet
1413 855 1448 921 in

254 971 467 1038 subsidiorum
483 966 691 1036 insufficentia
711 969 751 1033 ai
771 967 926 1054 principie
940 959 1173 1032 ttrnenentiea
1192 967 1256 1032 rite
1277 965 1440 1052 upplicen·

256 1083 297 1148 dn
316 1086 365 1163 ¹),
389 1080 551 1164 posterior
565 1099 640 1144 vero
660 1077 694 1140 in
715 1095 775 1140 usu
789 1071 999 1142 subsidiorum
1014 1077 1117 1142 minus
1132 1081 1235 1156 recto,
1251 1075 1318 1142 sive
1340 1071 1441 1140 ieflat

257 1211 296 1256 ex
310 1189 437 1256 deiectu
452 1188 676 1276 cognitionum,
692 1206 772 1273 quac
787 1175 1001 1272 requiruntur,
1007 1191 1043 1251 nt
1059 1185 1129 1271 quis
1137 1186 1169 1250 in
1184 1204 1280 1250 sensu
1296 1186 1440 1250 eruendo

258 1319 318 1385 ope
333 1297 459 1364 illorum
473 1302 563 1362 recte
579 1297 752 1380 procedere
767 1294 869 1360 valeat
879 1281 922 1380 ¹),
950 1296 1016 1360 sive
1033 1317 1070 1360 ex
1085 1295 1187 1360 animo
1203 1313 1372 1379 perverso,
1388 1295 1445 1382 qni

257 1431 320 1474 non
335 1408 380 1474 ite
402 1406 528 1472 adhibet
551 1406 700 1490 subsidia,
724 1406 772 1470 uti
793 1403 921 1498 regulae
939 1405 1069 1488 jubent,
1094 1404 1217 1470 etiamsi
1232 1404 1350 1489 poerit,
1378 1404 1447 1470 sive

257 1537 294 1583 cx
309 1514 530 1600 praejudicatis
547 1515 746 1599 opinionibus
763 1514 998 1604 quibuscunque
1010 1507 1053 1598 ⁸),
1078 1514 1145 1580 sive
1168 1514 1302 1600 denique
1325 1536 1362 1580 ex
1382 1535 1441 1580 ne·

256 1624 418 1713 gligentia,
442 1644 521 1710 qnae
536 1621 695 1688 difficilem
711 1623 805 1688 solidi
820 1623 1003 1708 interpretis
1019 1623 1159 1688 laborem
1174 1623 1335 1690 abhorret.

285 1767 311 1838 ¹)
331 1773 387 1820 iiuc
404 1774 514 1832 opertet,
532 1774 555 1820 si
569 1785 593 1822 e.
611 1785 638 1833 g.
654 1773 724 1820 circs
745 1785 819 1820 usum
838 1772 969 1834 loquendi,
981 1771 1120 1832 praecipue
1137 1771 1168 1818 v.
1179 1771 1209 1818 p,
1227 1771 1351 1833 quaemus
1366 1784 1446 1837 seces

330 1866 375 1912 eut
391 1864 500 1925 pin-esee
516 1876 547 1912 ex
560 1863 663 1912 deiectu
677 1864 880 1912 testimoniorum
898 1863 982 1910 minus
995 1865 1068 1912 certe
1087 1863 1195 1923 liquent.

284 1949 309 2018 ¹)
329 1954 382 2017 Sic,
398 1956 422 2004 st
438 1955 568 2016 interpres
584 1955 703 2014 perlecta
719 1956 865 2016 cognitione
882 1954 1032 2016 linguarum,
1048 1955 1074 2001 in
1093 1952 1184 2014 quihus
1199 1953 1259 2001 iibri
1275 1953 1362 2002 biblici
1380 1967 1444 2004 exe·

330 2048 478 2109 rattruut,
502 2049 548 2093 eut
569 2045 771 2106 Archeeoiogtee
797 2046 823 2091 in
839 2042 896 2093 tote
911 2058 959 2094 sne
979 2038 1128 2093 extensione
1153 2044 1293 2093 instructus
1317 2057 1368 2093 non
1396 2049 1448 2106 est,

329 2149 421 2186 munus
439 2149 512 2186 snum
526 2137 577 2186 rite
592 2137 667 2187 obire
682 2149 733 2184 non
751 2137 855 2187 veiebit.

285 2225 310 2292 1)
330 2231 386 2292 Quo
403 2227 450 2289 tit,
473 2232 502 2276 nt
517 2223 545 2277 in
567 2229 651 2276 sectis
665 2227 752 2277 itteris
768 2239 820 2274 nnn
835 2240 901 2290 qnae
917 2228 986 2275 sacri
998 2228 1140 2289 scriptores
1155 2238 1213 2275 cum
1232 2228 1287 2276 eois
1304 2225 1447 2278 lectoribus

329 2321 515 2370 communiente
539 2319 687 2374 inuniunt,
713 2319 762 2368 see
783 2331 849 2379 quse
865 2319 921 2366 suis
943 2318 1044 2379 placitis
1060 2318 1227 2382 conveniunt,
1253 2323 1376 2380 qureret,
1402 2321 1447 2370 vei

328 2411 450 2472 mysteria
464 2422 495 2459 ec
508 2410 638 2474 minuente,
656 2413 714 2460 utut
729 2410 867 2472 perspicue
886 2410 976 2470 reiets,
1000 2409 1061 2470 quic
1086 2410 1142 2459 sois
1156 2411 1324 2474 praejudiciis
1346 2425 1445 2476 repug-

331 2506 401 2565 nent,
420 2503 539 2562 respuet.

628 2699 654 2767 s.
667 2693 705 2754 lt.
718 2693 830 2754 tlttittcs
843 2693 1069 2757 iiermenouttcce.

344 2836 491 2917 Quamvis
518 2855 544 2900 s.
567 2834 733 2920 Scriptura
759 2831 842 2896 lecte
858 2836 891 2898 et
905 2837 940 2896 nt
955 2832 1122 2916 plurimum
1144 2835 1309 2902 intellecta
1333 2837 1442 2925 inerit,

253 2946 434 3033 priusquam
449 2944 577 3033 regniac
594 2962 706 3009 sensns
722 2941 852 3009 eruendi
865 2943 1078 3028 traderentur,
1101 2944 1194 3030 hujus
1214 2952 1318 3014 tamen
1342 2949 1441 3014 disci·

254 3055 356 3140 plicae
373 3061 511 3141 systema
525 3055 607 3120 hand
628 3053 731 3118 minus
749 3051 888 3118 utilitate
911 3072 946 3118 se
962 3055 1205 3138 commendabit,
1228 3077 1319 3142 quam
1339 3058 1444 3146 logica

256 3161 449 3248 artificialis,
483 3163 559 3228 licet
580 3185 638 3230 nec
665 3164 743 3228 haec
770 3182 829 3226 nec
856 3161 910 3226 illa
928 3162 1060 3247 doceat,
1084 3163 1145 3228 nisi
1172 3186 1251 3252 quae
1272 3165 1321 3232 rei
1343 3167 1444 3251 ipsius

254 3279 366 3340 natura
387 3275 579 3339 observanda
601 3271 849 3357 praecipiuntur,
873 3292 971 3356 eaque
994 3273 1074 3338 duce
1095 3296 1157 3340 non
1179 3277 1310 3342 attentis
1325 3280 1445 3368 regulis

255 3384 371 3470 passim
391 3384 556 3448 observata
572 3380 858 3466 deprehenduntur.
881 3379 961 3444 Nam
977 3380 1141 3465 disciplina
1155 3384 1280 3451 landate

348 3495 379 3557 1.
403 3487 496 3556 finem
514 3509 702 3577 exegeseos,
725 3488 888 3573 ipsiusque
903 3487 1085 3574 interpretis
1111 3515 1170 3558 nec
1185 3515 1247 3560 non
1269 3497 1400 3564 lectoris
1415 3519 1443 3566 s.

257 3602 443 3686 scripturae
466 3619 576 3665 mnnus
592 3597 752 3683 proponit,
776 3603 811 3662 ut
827 3596 956 3682 sciatur,
985 3600 1058 3686 quid
1082 3601 1126 3666 sit
1140 3602 1204 3670 isto
1226 3604 1335 3673 labore
1351 3630 1444 3696 prae·

257 3712 410 3792 standum,
427 3715 459 3774 et
475 3730 494 3773 a
510 3709 623 3794 quihus
639 3709 670 3771 in
695 3725 789 3772 sensu
811 3710 949 3776 eruendo
966 3709 1009 3773 sit
1030 3711 1255 3796 abstinendum,
1276 3721 1311 3782 nt
1332 3721 1445 3806 agendi

255 3819 337 3886 ratio
354 3819 455 3882 minus
471 3823 560 3884 recta
575 3818 634 3882 hac
649 3817 681 3880 in
697 3838 733 3881 rc
750 3817 894 3884 evitetur.

344 3931 376 3994 2.
391 3928 471 3992 Dein
488 3927 532 4007 si,
561 3929 644 4012 quod
668 3926 749 3990 haud
771 3948 844 3992 raro
862 3929 902 3992 ob
918 3927 1044 4015 linguae
1059 3931 1297 4018 proprietatem,
1319 3939 1444 4008 dicendi

254 4038 408 4104 rationem
424 4038 463 4102 ad
478 4036 617 4122 rigorem
628 4035 766 4122 logicum
782 4037 905 4104 minime
929 4040 1151 4125 compositam,
1173 4063 1279 4110 rerum
1300 4048 1442 4114 sublimi·

254 4153 362 4229 tatem,
395 4145 698 4211 circumstantiarum
730 4151 925 4213 externarum
956 4149 1138 4218 varietatem
1169 4153 1300 4237 accidit,
1324 4158 1388 4224 loci
1415 4179 1442 4226 s.

258 4257 444 4340 Scripturas
460 4254 624 4320 intellectu
639 4253 784 4322 difficiles
797 4262 851 4322 out
862 4258 948 4324 dubii
964 4265 1145 4343 occurrunt,
1156 4261 1249 4348 hujus
1258 4266 1441 4353 disciplinae

255 4366 373 4454 regulis
389 4367 501 4431 modus
517 4366 685 4448 superandi
701 4363 905 4432 difficultates
922 4372 955 4432 et
971 4371 1113 4436 solvendi
1128 4372 1222 4438 dubia
1237 4381 1440 4462 monstretur,

256 4497 317 4564 quo
334 4474 478 4542 destituti
493 4476 684 4560 interpretes
707 4475 860 4560 ejusmodi
880 4478 1022 4546 locorum
1044 4500 1170 4552 sensum
1191 4486 1291 4576 magis
1313 4486 1439 4576 conjec-

254 4589 336 4671 turo,
360 4603 451 4674 qnam
467 4584 568 4652 solida
583 4586 707 4652 ratione
722 4592 941 4672 assequuntur.
