3120 5294
1243 463 1316 537 103

156 639 180 704 1)
199 639 291 706 ”Airai
308 641 434 710 λεγόμενα
450 649 492 694 vet
510 647 624 702 rariora,
646 657 753 705 quorum
772 645 889 691 notiones
908 643 1017 691 biblicae
1032 643 1189 689 Graecorum
1205 645 1321 702 scripto·

201 749 244 782 res
265 738 370 792 docent,
391 743 466 783 sunt:
486 732 682 804 ἀναζωπυρεῖν,
702 737 770 794 quod
789 737 893 794 proprie
913 737 969 780 est:
989 735 1076 794 ipaem
1096 733 1142 781 sub
1163 735 1255 780 cinere
1276 735 1319 780 la-

201 829 297 872 tentem
315 827 381 889 tiata
399 826 547 882 suscitare,
574 839 609 871 ne
628 825 817 885 extinguntur,
846 824 1035 882 metaphorice:
1065 823 1202 877 excitare,
1232 825 1316 876 olere,

201 913 297 975 facere
315 916 406 976 quouis
426 919 517 972 modo,
547 919 567 962 l.
587 915 668 960 lilacc.
688 916 760 970 Illll,
782 917 806 960 7.
826 915 859 960 ll.
887 914 951 959 Tim.
975 916 998 966 l,
1021 915 1045 958 6.
1075 914 1151 959 Geni.
1171 912 1316 969 Xenoph.

201 1006 232 1050 de
261 1017 290 1052 rc
315 1007 427 1065 equestri
452 1005 481 1051 X.
502 1006 528 1052 8.
553 1007 596 1052 10.
616 1005 712 1051 Marc.
732 1005 885 1050 Antonin.
906 1004 963 1058 vll,
985 1016 1008 1048 c.
1029 1004 1054 1050 2.
1074 1004 1209 1060 Dionys.
1229 1001 1317 1048 ilali-

200 1107 284 1140 carn.
293 1098 350 1142 Ant.
361 1097 389 1140 1..
402 1097 486 1154 vill.3
503 1090 725 1161 μετεωρίζεσθαι,
745 1095 812 1152 qnod
823 1094 916 1139 dinitur
926 1094 957 1138 de
971 1092 1142 1155 fluctuatione
1153 1091 1235 1139 animi
1245 1092 1319 1138 inter

202 1197 276 1248 spem
296 1189 321 1232 et
339 1191 432 1232 metam
453 1185 525 1234 dubii
545 1189 623 1246 atque
641 1183 766 1247 suspensi
783 1181 857 1245 (buc.
878 1183 937 1240 xil,
959 1183 1032 1242 20.),
1061 1195 1112 1242 quo
1141 1195 1221 1228 seusu
1248 1182 1324 1227 etlam

200 1277 305 1333 ponitur
323 1289 338 1320 a
365 1277 507 1322 Philone
535 1271 581 1336 (de
607 1274 736 1320 Monarch.
765 1287 791 1332 p.
812 1275 875 1319 817.
895 1274 953 1330 1.),
973 1273 1123 1331 Iosepho
1153 1272 1266 1332 (antiqq.
1286 1271 1318 1326 8,

202 1365 228 1410 8.
251 1364 289 1424 2.)
304 1371 331 1410 et
346 1367 432 1411 Sebol.
452 1366 484 1410 ad
503 1365 591 1422 Eurip.
613 1363 808 1420 Orest.1537.;
829 1355 991 1419 ὑπωπιάζειν
1012 1362 1115 1420 proprIe
1128 1361 1277 1421 sagittare,
1296 1363 1326 1404 ut

199 1455 248 1500 sub
263 1456 343 1500 oculis
354 1457 464 1502 existant
473 1456 580 1510 vibices,
600 1455 659 1500 binc
677 1455 804 1500 translate
824 1453 925 1498 omnino
944 1455 1034 1498 notat:
1056 1449 1189 1514 afflipere,
1209 1463 1327 1505 cenare,

202 1545 367 1590 secreciora
384 1543 457 1608 (buc.
478 1546 565 1600 xviii,
587 1545 613 1591 5.
634 1545 655 1590 1.
676 1544 736 1590 Cor.
758 1544 805 1599 IX,
827 1543 894 1602 27),
912 1557 975 1602 quae
995 1543 1132 1588 translatio
1151 1535 1323 1598 Artatopl'r.

199 1635 259 1682 Pac.
280 1637 331 1681 530
351 1649 406 1695 aeq.
437 1635 606 1684 contincatur.
641 1635 700 1682 Alia
723 1637 839 1688 rariora,
866 1648 930 1694 quae
960 1635 992 1680 ad
1022 1634 1137 1679 instItuta
1163 1633 1318 1678 Iudaeorum

198 1726 350 1784 pertinent,
379 1727 472 1771 docent
498 1725 665 1785 Iosephus
693 1729 720 1771 et
750 1726 852 1770 l’hilo.
884 1724 927 1770 Sic
961 1720 1107 1790 Ἐρημερία
1135 1722 1209 1782 (luc.
1229 1723 1259 1777 1,
1281 1722 1323 1780 5.)

201 1815 320 1872 doaepho
340 1815 443 1874 antiqq.
465 1816 526 1870 Vll,
557 1816 599 1860 15.
629 1817 653 1861 7.
673 1821 715 1862 est
735 1814 830 1860 classis
861 1815 1033 1862 sacerdotum
1059 1826 1110 1874 per
1135 1813 1323 1859 hebdomadem

198 1903 292 1966 officia
311 1917 393 1952 sacre
413 1902 546 1966 famaene,
575 1897 714 1970 βασιλικὰς
734 1905 823 1964 (ioan.
845 1904 886 1960 IV,
908 1903 968 1963 ib.)
989 1916 1020 1948 ex
1040 1904 1125 1948 multis
1146 1903 1260 1962 ejusdem
1280 1901 1321 1946 lo·

196 1998 238 2041 cis
259 1996 362 2042 aulicas
383 2007 442 2041 ease
462 1996 634 2054 intelligitur-3
661 1991 745 2062 κρίσιν
766 1995 854 2040 Ilattia
873 1995 902 2050 V,
923 1994 968 2039 21.
997 1994 1080 2040 tuisse
1110 1991 1178 2050 apud
1206 1990 1322 2036 Iudaeos

194 2099 229 2132 eo
251 2089 370 2144 ternpore
398 2085 601 2146 magistratum,
629 2089 729 2144 septem
755 2086 875 2144 personis
904 2082 1089 2140 compositum,
1121 2082 1164 2140 qui
1183 2081 1215 2126 da
1234 2078 1321 2126 causis

195 2175 340 2222 mineribus
368 2174 556 2234 cognoscebat,
578 2189 608 2221 ex
626 2176 727 2235 Antiqq.
747 2175 787 2229 IV,
811 2175 852 2220 18.
874 2174 913 2219 ti.
942 2177 970 2219 et
989 2186 1019 2217 ex
1038 2171 1106 2218 libro
1126 2171 1157 2216 da
1176 2171 1243 2215 Bell.
1262 2168 1324 2215 dud.

195 2267 229 2312 Il.
253 2267 297 2312 20.
315 2266 340 2310 b.
357 2269 467 2311 constet.
486 2266 540 2312 Vox
559 2259 676 2328 ἐνκαίνια
692 2262 779 2328 (bean.
793 2265 823 2322 X,
836 2263 920 2321 22.)ε
937 2263 1053 2322 Iudaeis,
1073 2267 1101 2307 ut
1121 2262 1198 2307 docet
1216 2261 1320 2315 Philo,

196 2358 331 2414 usurpata
357 2358 406 2402 luit
430 2357 462 2403 de
486 2354 559 2416 festo
579 2356 756 2403 dedicationis
776 2355 881 2417 templi,
912 2356 981 2414 quod
998 2355 1090 2400 incidit
1108 2355 1134 2397 in
1154 2353 1198 2398 25.
1220 2352 1318 2404 litatae,

198 2442 310 2502 νηστεία
328 2459 390 2491 vero
411 2447 492 2492 eidem
522 2443 560 2507 (in
579 2449 632 2492 vita
651 2443 745 2508 iliosis)
773 2442 934 2505 estfactum
954 2443 1134 2507 expiationis,
1156 2446 1196 2489 10.
1217 2442 1318 2488 'lischri

197 2535 375 2590 celebratum,
398 2550 448 2594 quo
468 2538 525 2582 Act.
546 2536 651 2603 xxvll.
666 2537 692 2580 0.
714 2536 873 2582 illustratur.

151 2639 175 2708 θ)
197 2648 224 2691 II.
234 2659 261 2706 g.
270 2645 387 2691 vocabuli
399 2647 485 2692 biblici
496 2641 582 2699 πίστις
592 2647 727 2704 plurimas,
736 2657 799 2704 quae
812 2645 899 2703 habet,
912 2645 1103 2702 frequentiores
1118 2655 1223 2701 graecas
1238 2643 1324 2688 notio-

196 2749 242 2784 nes
256 2735 359 2792 scripta
378 2735 532 2782 Graecorum
552 2734 683 2796 exhibent3
704 2748 791 2782 verum
811 2736 888 2781 etiam
907 2736 991 2780 rarior
1010 2734 1122 2792 ejusdem
1136 2734 1223 2778 notio:
1241 2745 1323 2792 uryn-

195 2827 330 2880 ιιιειείασι,
357 2827 428 2886 qaod
445 2825 522 2886 fidem
540 2823 611 2886 facit
629 2825 723 2881 alteri,
753 2825 947 2871 demonstratio
967 2823 1035 2884 (act.
1056 2823 1138 2881 XVII,
1159 2823 1202 2866 31.
1223 2833 1316 2867 occur-

196 2917 275 2976 rens)
295 2915 362 2974 apud
380 2915 600 2960 artatoteleia
619 2915 697 2961 libet.
716 2915 736 2958 l.
757 2927 779 2960 c.
802 2918 841 2970 1.‚
860 2915 1122 2973 Xenophontem,
1143 2911 1236 2970 (tyrop.
1252 2912 1317 2957 vill.

199 3009 226 3052 8.
248 3008 278 3052 3.
298 3009 323 3052 et
343 3004 410 3050 alios
431 3006 534 3063 legitur.
1087 3015 1088 3018 ¹

119 3145 121 3152 -
149 3107 176 3177 ⁴)
198 3113 336 3174 Ejusmodi
362 3118 418 3168 est,
448 3115 506 3158 dum
535 3114 696 3171 praepositio
721 3109 792 3178 παρά
817 3114 962 3167 interdum,
992 3113 1018 3157 in
1046 3111 1198 3170 compositis
1226 3111 1318 3166 solum,

198 3207 280 3262 clam,
301 3204 447 3250 clanculam
466 3201 603 3262 significat,
623 3205 660 3249 uti
679 3199 851 3269 παρείσακτσς
866 3200 936 3260 (Gal.
958 3202 998 3256 II,
1021 3201 1060 3261 i.)
1080 3201 1125 3262 qni
1143 3203 1214 3248 aiam
1231 3213 1261 3246 ee
1279 3201 1322 3247 in-

195 3293 334 3352 sinuavit,
354 3293 525 3354 irreptione,
547 3290 772 3361 παρεισίρχεσθαι
792 3289 882 3354 (ibid.)
902 3293 1013 3338 subdole
1030 3305 1060 3338 sa
1077 3290 1231 3344 insinuare,
1253 3291 1322 3337 clam

196 3385 343 3446 irrepere,
371 3377 542 3450 παρεισδῦναι
562 3383 656 3444 [dudae
676 3385 715 3444 i.)
734 3382 834 3445 fartim
853 3382 977 3436 intrare,
1004 3393 1077 3440 quarn
1096 3381 1223 3426 rariorem
1242 3379 1318 3438 hujus

196 3473 319 3522 vocabuli
338 3477 495 3532 potestatem
514 3475 604 3532 optimi
619 3473 773 3522 Graecorum
792 3473 935 3530 scriptores
954 3473 1057 3519 docent.
1077 3471 1189 3527 Polyb.
1205 3472 1224 3527 1,
1246 3473 1270 3516 t.
1292 3473 1317 3518 3.

197 3567 238 3619 ll,
260 3564 304 3610 55.
326 3565 350 3609 3.
370 3565 544 3610 Herodian.
565 3564 585 3609 l.
607 3575 629 3610 c.
652 3567 677 3611 6.
699 3567 723 3610 2.
743 3563 912 3610 Plutarch.
932 3564 1003 3608 Tem.
1023 3562 1062 3608 VI.
1084 3576 1109 3620 p.
1129 3559 1190 3610 809.
1211 3564 1236 3607 et
1255 3561 1317 3607 801.

197 3657 240 3702 ed.
260 3653 392 3700 Balaka.
426 3677 457 3686 -
488 3653 548 3698 Pari
574 3655 648 3700 modo
677 3654 782 3700 verbum
812 3647 1023 3716 ἐπαγγέλλεσθαι
1052 3653 1156 3712 proprie
1175 3655 1202 3696 et
1220 3663 1268 3709 per
1287 3663 1316 3698 se

191 3743 368 3806 promittere,
390 3744 416 3789 in
435 3745 645 3790 constructionea
665 3737 820 3810 θενσὲβειαν
840 3737 1051 3807 ἐπαγγέλλεσθαι
1080 3739 1110 3806 (l.
1124 3742 1188 3788 Τίσι.
1209 3741 1239 3796 ll,
1263 3741 1318 3799 10.)

194 3847 258 3886 ease
277 3833 417 3898 profiteri,
448 3845 479 3878 ex
499 3831 619 3888 Graecis,
652 3835 695 3894 qui
725 3834 785 3880 illud
805 3836 836 3880 de
856 3835 1022 3893 protessIone
1047 3833 1158 3891 alicujus
1188 3833 1251 3876 artis
1279 3831 1321 3876 vel

192 3927 351 3986 disprlinae
370 3927 467 3985 passim
486 3925 588 3984 dicunt,
615 3927 743 3974 discimus.
781 3927 825 3973 Sic
844 3927 937 3985 legitur
956 3927 1044 3983 Πίος.
1064 3926 1171 3971 hadri.
1200 3925 1319 3970 Prooem.

194 4019 222 4064 S.
246 4018 289 4062 12.
312 4010 325 4061 ὁ
345 4029 441 4073 ταυτην
461 4029 498 4062 sc.
519 4015 613 4082 σσριάν
633 4010 868 4080 ἐπαγγελλόμενος,
896 4019 922 4064 et
944 4016 1087 4074 Xenoph.
1107 4014 1180 4060 Item.
1200 4016 1226 4068 I,
1247 4015 1272 4060 2.
1292 4014 1317 4058 7.

195 4101 296 4174 ἀρετὴν
316 4100 548 4170 ἐπαγγελλόμενος.

145 4208 172 4276 ⁵)
192 4215 281 4274 cnjus·
304 4215 343 4260 rei
371 4216 486 4273 exempla
511 4217 574 4261 haec
602 4220 673 4261 suut:
703 4215 806 4260 verbum
836 4211 1033 4282 φιλοτιμεῖσθαι
1053 4217 1071 4260 l.
1090 4213 1182 4259 Thess.
1208 4212 1248 4267 lv,
1273 4212 1316 4255 11.

192 4306 271 4352 reddi
291 4307 379 4352 soleta
410 4305 508 4359 anniti,
538 4319 638 4352 eamme
663 4303 750 4352 stadio
780 4309 805 4352 et
830 4307 1000 4352 contentione
1018 4304 1235 4366 aliquid'apere,
1266 4315 1317 4360 qua

192 4396 409 4453 interpretatione
429 4408 478 4440 non
507 4394 599 4442 satisfit
624 4395 691 4442 omni
719 4398 843 4452 potestati
869 4394 956 4448 verbi,
986 4395 1053 4451 quod
1072 4407 1088 4439 a
1107 4392 1211 4438 Graecia
1232 4393 1263 4437 da
1283 4404 1313 4436 eo

193 4489 318 4546 ponitur,
338 4489 382 4544 qui
401 4487 496 4543 aliquid
515 4486 551 4530 ita
569 4486 621 4544 agit
640 4491 666 4532 et
684 4481 793 4542 perficit,
814 4490 842 4532 ut
861 4487 886 4530 in
906 4485 953 4528 hac
972 4495 1000 4528 re
1020 4485 1142 4529 honorem
1162 4484 1240 4538 ponat
1259 4481 1314 4524 lau·

193 4579 306 4634 demque
325 4588 412 4634 suain,
434 4576 559 4621 Aelian.
580 4577 607 4621 V.
628 4577 656 4622 ll.
677 4577 707 4629 0,
729 4577 771 4620 20.
793 4577 823 4629 3,
847 4578 870 4620 1.
911 4575 998 4630 ltaque
1026 4573 1082 4618 loco
1103 4571 1206 4616 laudato
1226 4570 1312 4615 verbis

193 4661 391 4730 ’ριλοτιρείςθαι
407 4659 554 4728 ἡσυχάζειν
574 4667 712 4724 ¹spostolus
724 4665 826 4712 laudem
836 4665 965 4726 appetere
981 4660 1055 4718 jubet
1066 4659 1313 4706 Thessalonicenses
