3112 5284
1250 417 1327 496 259

141 593 300 662 infallibili
315 615 373 660 suo
388 595 568 682 Magister-io
584 593 738 658 indivulso
755 613 833 659 nexu
850 595 1045 679 conjunctam
1061 598 1197 678 tenebat,
1215 605 1246 666 et
1263 601 1327 664 exi-

141 715 237 791 gente
252 703 442 769 necessitate
458 704 623 768 exercebat
640 701 690 791 (S.
707 700 814 790 rra),
830 703 891 767 sibi
907 704 1000 768 otiam
1016 723 1165 770 successo
1176 709 1328 792 temporis

142 812 262 878 diserte
276 811 454 876 vindicavit.
501 811 622 876 Etenim
645 816 681 876 ut
702 815 772 875 acta
799 811 1008 894 antiquiorum
1025 809 1238 879 Consiliorum
1253 817 1327 880 mit-

141 926 245 985 tamus
255 918 308 1008 l)‚
332 919 474 984 Ecclesia
489 919 520 982 iu
533 919 662 1004 Synodo
678 913 865 984 Tridentino
881 927 1081 1008 congregata,
1101 927 1327 1008 contempora

142 1031 190 1094 sio
206 1031 309 1094 dictae
324 1029 558 1094 reformationis
574 1033 758 1108 novatores,
793 1028 884 1111 plura
900 1031 1061 1095 doctrinae
1077 1027 1251 1098 catholicae
1275 1055 1329 1096 ca-

141 1139 209 1221 pita
224 1142 424 1221 respuentes,
448 1153 475 1201 s.
499 1137 697 1220 scripturam
721 1137 760 1200 ad
781 1157 857 1202 suos
879 1155 989 1202 sensns
1006 1142 1217 1224 contorquere
1233 1161 1324 1204 oona·

144 1255 273 1328 rentur,
297 1245 512 1332 quaestionem
532 1243 571 1310 de
593 1246 852 1332 interpretatione
877 1265 903 1309 s.
920 1245 1105 1330 Scripturas
1126 1248 1256 1312 solemni
1273 1244 1329 1314 de-

141 1361 232 1420 creto
248 1354 379 1421 delinire
402 1375 492 1418 snum
520 1375 589 1419 esse
616 1352 713 1420 duxit.
759 1357 807 1420 lln
828 1356 898 1437 ipsa
922 1351 1057 1436 decreti,
1082 1358 1164 1440 quod
1181 1355 1329 1442 Synodus

140 1465 327 1530 Tridentino
342 1464 374 1528 in
387 1465 474 1528 Soss.
488 1464 540 1526 Ν.
557 1465 596 1528 de
612 1464 748 1528 aditione
761 1469 793 1530 ot
805 1483 865 1528 usn
878 1478 1039 1530 sacrorum
1053 1464 1204 1530 librorum
1218 1468 1329 1547 sanxit,

140 1574 257 1638 verba:
317 1575 488 1656 „Insuper
514 1575 628 1638 eadem
653 1584 872 1638 sacrosancta
900 1571 1060 1656 Sporadas
1097 1577 1329 1656 considerans,

145 1699 214 1747 non
238 1701 360 1766 param
380 1685 531 1746 atilr'tatis
551 1684 712 1746 accedere
733 1701 838 1766 posse
854 1684 1027 1748 Ecclesiae
1050 1681 1128 1763 Dei,
1150 1686 1185 1746 si
1198 1703 1244 1748 eor
1259 1705 1329 1748 om·

143 1794 244 1856 neos
259 1793 374 1855 latiais
389 1791 598 1864 amatior,
626 1809 711 1872 anae
726 1791 1017 1874 circumferantur,
1040 1809 1214 1854 sacrorum
1229 1795 1330 1856 lidro-

142 1920 235 1982 ram,
260 1913 421 1982 maenam
435 1919 497 1982 pro
520 1901 707 1964 anthentica
729 1897 885 1964 aalma
900 1901 958 1974 sit,
982 1902 1183 1981 innotescat,
1216 1904 1335 1966 natait

140 2021 173 2075 et
185 2012 350 2090 declarat,
374 2019 412 2074 at
424 2012 506 2074 daec
521 2012 600 2091 ipsa
622 2019 718 2074 neme
734 2019 766 2074 et
778 2013 911 2092 corpora
927 2010 1044 2092 editio,
1069 2025 1154 2092 atrae
1169 2012 1265 2093 latmo
1288 2021 1335 2076 tot

141 2123 352 2184 saeculoram
367 2139 433 2182 osa
461 2122 497 2182 in
519 2121 597 2201 ipsa
621 2120 774 2183 Ecclesia
796 2120 936 2200 prolem
952 2125 1024 2202 est,
1047 2123 1084 2182 in
1098 2120 1241 2202 pollicis
1260 2121 1329 2183 lee-

139 2226 300 2307 tionidao,
333 2229 633 2309 disputationibus,
668 2229 979 2309 praedicationibus
1005 2235 1038 2291 et
1062 2227 1329 2311 eopataooteoo

139 2355 225 2420 pro
248 2338 492 2400 anthentica
517 2338 695 2418 habeatnr,
720 2345 752 2400 et
776 2346 814 2400 at
837 2353 930 2400 nano
951 2332 1042 2401 illam
1056 2340 1196 2424 rejicere
1211 2339 1329 2419 wenis

141 2454 320 2527 mortenia
336 2443 461 2509 audeat
481 2447 533 2509 ael
546 2447 749 2528 praesumot.
795 2445 980 2510 Psaeterea
1001 2445 1047 2508 ad
1069 2447 1254 2510 enecanda
1269 2467 1329 2528 pe·

142 2555 284 2616 natantia
299 2555 435 2635 inpeaia
450 2556 612 2635 decernit,
636 2563 671 2618 nt
695 2569 790 2617 nemo
806 2573 893 2618 saar
906 2557 1105 2637 prudentiae
1119 2556 1273 2632 innisae,
1296 2557 1334 2616 in

65 2677 67 2682 ·
137 2663 239 2724 redas
261 2663 342 2745 fidei
368 2683 386 2725 e
413 2679 549 2740 moram,
574 2664 622 2726 ad
644 2663 904 2746 aedificationem
929 2663 1100 2726 doctrinae
1130 2659 1330 2726 candicans

138 2774 369 2854 pertinentiam
395 2789 529 2836 sonora
557 2769 770 2852 Scriptorum
791 2771 838 2833 ad
857 2785 940 2834 snos
962 2788 1086 2834 sennes
1107 2780 1329 2852 cmorqnens

140 2889 255 2944 cmnra
272 2895 345 2943 cnm
360 2899 512 2961 scamno,
537 2891 629 2960 paea
645 2881 752 2942 tennit
764 2887 797 2942 et
809 2887 897 2942 tenet
909 2887 1027 2942 sancta
1047 2887 1153 2942 mater
1180 2880 1323 2943 Eccle-

136 2990 223 3068 sia,
259 2989 382 3072 cajas
412 2996 477 3050 est
499 2988 740 3071 judicare
764 2986 817 3049 de
847 3005 946 3050 vero
980 3003 1105 3050 sensa
1134 2996 1171 3049 ct
1199 2989 1325 3049 inter·

135 3099 380 3176 pretatione
403 3093 743 3176 scripturaram
773 3102 1036 3172 sanctornm,
1060 3095 1228 3157 catenam
1244 3111 1323 3155 coa*

134 3214 189 3267 tra
218 3209 397 3269 ananimea
424 3219 625 3269 consensum
649 3203 789 3267 Patroni
814 3204 924 3284 ipsam
952 3201 1164 3285 scripturam
1187 3220 1325 3266 sacram

135 3315 353 3395 interpretari
376 3316 512 3392 cadent,
545 3317 675 3378 edamsi
702 3313 891 3397 hujusmodi
924 3314 1210 3394 interpretationes
1235 3313 1324 3375 nallo

134 3439 281 3503 unwano
295 3433 440 3506 tempore
451 3425 491 3486 'in
506 3425 611 3486 locon
626 3422 775 3486 eaenaae
785 3415 926 3504 forent-'⁹

226 3531 304 3594 Cum
324 3531 431 3612 itaque
452 3551 510 3614 per
530 3529 669 3593 rationes
690 3528 840 3592 adductos
862 3533 949 3592 extra
976 3545 1065 3592 omne
1087 3525 1212 3592 dubium
1233 3523 1322 3613 posi-

133 3647 201 3706 tam
223 3641 285 3720 sit,
310 3637 348 3704 ad
376 3634 549 3704 Ecclesiam
577 3644 739 3720 spectare,
768 3657 795 3700 s.
818 3636 1014 3721 scripturam
1031 3635 1120 3719 juxto
1146 3639 1322 3724 depositum

131 3747 226 3829 fidei,
250 3742 333 3831 qnod
354 3747 385 3810 io
413 3747 482 3811 sinu
497 3767 555 3810 auo
580 3742 735 3825 custodit,
766 3743 944 3810 authentice
969 3746 1190 3830 interpretari,
1221 3771 1318 3834 porro

130 3859 349 3942 inquirendum
367 3862 431 3936 est,
456 3877 517 3940 qua
532 3853 654 3920 ratione
668 3849 812 3919 Ecclesia
827 3855 983 3919 catholica
997 3856 1204 3922 authenticam
1220 3859 1319 3924 intera

130 3967 339 4051 pretationem
355 3967 513 4050 praebeat,
537 3970 569 4029 et
585 3965 655 4049 quis
670 3965 714 4028 sit
727 3963 819 4047 hujus
832 3965 1101 4048 interpretationis
1117 3949 1203 4032 usas.

153 4185 182 4250 ⁸)
206 4184 348 4236 Concilium
371 4185 529 4237 Trcltaaam
546 4187 622 4248 (altas
642 4179 825 4245 anianensem
844 4186 1007 4248 appellatam)
1026 4197 1092 4235 anno
1115 4190 1175 4236 ttae.
1194 4185 1314 4236 calearia

202 4285 255 4328 tum
270 4280 373 4330 dancus
396 4281 436 4327 19.
455 4281 503 4336 iis,
516 4280 566 4338 ¹qai
586 4281 711 4338 praesunt
730 4277 871 4336 Eoeleslis,
891 4277 1011 4338 injunxit:
1039 4277 1070 4326 st
1086 4281 1120 4326 ad
1141 4277 1314 4342 Scriptaram

201 4368 342 4435 pertinace
358 4371 547 4420 controversia
567 4370 656 4432 alipaa
673 4362 791 4416 usitata
811 4366 913 4430 faerit,
943 4383 977 4415 ae
996 4381 1054 4414 eam
1073 4369 1153 4416 aliter
1177 4370 1314 4431 interpre-

203 4466 311 4524 tentur,
332 4475 410 4524 pacm
429 4463 557 4526 quomodo
583 4459 721 4509 Ecclesiae
744 4458 888 4506 tumaci-to
908 4462 932 4506 et
948 4461 1073 4507 doctores
1090 4460 1147 4507 sais
1165 4459 1312 4520 scripturis

202 4555 398 4618 exposuerant.
425 4552 498 4600 Gont.
528 4551 559 4597 Μ.
586 4553 613 4598 h.
639 4547 722 4603 Ball,
750 4548 851 4595 Summa
870 4549 1042 4597 eonciltorum
1067 4550 1186 4596 omnium.
1212 4545 1314 4594 Patavii

202 4643 280 4694 rosa.
300 4643 371 4690 rom.
392 4645 411 4690 1.
431 4657 456 4703 p.
477 4643 538 4690 sac.

1030 4746 1062 4796 17
1082 4741 1096 4772 t
