3190 5290
277 471 330 545 36

276 651 360 712 tecta
385 671 403 712 a
430 649 505 712 uiris
530 650 680 728 eraditis,
704 652 760 734 qni
779 651 975 714 institutione
999 651 1153 732 scholari,
1175 650 1225 714 uel
1247 651 1309 716 alia
1331 651 1462 730 ratione,
1566 691 1567 706 r

275 757 410 842 lingnam
433 763 586 820 mortuam
602 758 707 820 edocti
723 763 821 820 erant.

367 865 407 930 ll.
432 863 596 928 Subridia
610 869 824 948 philoloptca,
844 867 883 928 ad
899 887 978 948 qaae
993 866 1191 930 reseruntur:

369 977 400 1036 1.
424 975 632 1056 Etymulopio
649 983 683 1037 et
696 977 856 1057 unuloya'a
871 979 1017 1058 liupatone.

366 1079 459 1143 Prior
482 1087 531 1144 cst
553 1081 753 1166 investigatio
777 1087 831 1144 ant
854 1081 1056 1166 primigeniae
1079 1080 1316 1167 significationis
1340 1102 1377 1142 cx
1397 1079 1463 1142 ele·

272 1189 388 1260 mentis
404 1189 543 1274 linguae,
566 1194 619 1250 aut
634 1190 836 1252 secundariae
853 1212 889 1251 ex
905 1189 1107 1252 similitudine
1123 1191 1253 1272 quadam
1268 1190 1370 1252 aliove
1385 1208 1464 1250 nexu
1566 1229 1567 1232 =

276 1319 345 1362 cnm
370 1298 554 1384 primigenia
575 1301 684 1382 petita
716 1299 805 1362 Unde
825 1321 883 1381 per
897 1320 932 1362 se
947 1305 1054 1382 patet,
1076 1299 1298 1364 elementorum
1316 1303 1348 1360 et
1364 1298 1464 1382 origi-
1566 1295 1567 1322 ¹

274 1407 324 1470 nis
339 1405 595 1493 significationem
612 1409 764 1471 historice
780 1408 867 1489 prins
884 1409 1040 1492 cognitam
1057 1428 1127 1472 esse
1143 1409 1273 1490 debere,
1292 1411 1327 1470 nt
1342 1403 1464 1492 signifi-

276 1515 415 1579 cationes
438 1517 595 1578 derivatae
619 1515 727 1578 exinde
751 1521 928 1579 statuantur
942 1515 985 1602 ²).
1024 1517 1094 1578 Etsi
1117 1521 1220 1579 autem
1244 1517 1360 1598 omnia,
1384 1535 1466 1596 quae

275 1624 367 1688 modo
382 1625 551 1706 innuimus,
568 1624 656 1708 prins
673 1623 840 1708 diligenter
855 1625 1021 1710 degustata
1036 1623 1162 1706 luerint,
1179 1623 1375 1685 nihilominus
1392 1625 1465 1704 ety-

275 1731 410 1816 mologia
423 1738 472 1794 est
482 1752 534 1794 res
546 1731 632 1794 aleae
647 1731 749 1814 plena,
766 1753 835 1794 cnm
850 1729 1037 1817 significatio
1055 1731 1266 1817 etymologica
1281 1731 1464 1812 frequenter

274 1837 398 1903 diderat
420 1841 458 1904 ab
482 1860 534 1918 ea,
567 1859 658 1920 qnam
682 1859 758 1902 nsus
781 1840 928 1921 loquendi
951 1861 1021 1904 enm
1045 1840 1196 1904 vocabulo
1222 1838 1398 1922 conjunxit,
1430 1841 1466 1901 et

268 1953 439 2031 'praeterea
461 1968 550 2009 nemo
575 1947 731 2009 hominnm
755 1948 844 2031 qnasi
859 1969 878 2010 a
893 1947 994 2031 priori
1009 1969 1046 2011 ex
1062 1949 1132 2010 sola
1147 1949 1326 2033 cognitione
1347 1947 1467 2010 radicis

274 2055 411 2118 divinare
436 2059 546 2138 queat,
572 2075 718 2138 quasnam
745 2055 821 2118 alias
848 2054 1094 2141 significationes
1120 2075 1198 2141 gens
1221 2056 1370 2138 quaedam
1394 2075 1465 2115 curn

275 2163 503 2250 significatione
523 2163 608 2226 illius
629 2163 891 2252 connexuerit⁸),
916 2165 970 2226 sed
1002 2165 1033 2226 id
1061 2165 1183 2227 nonnisi
1210 2185 1248 2227 ex
1273 2163 1466 2226 testimoniis

274 2279 437 2337 auctorum
449 2271 609 2334 vocabulis
620 2272 772 2334 utentium
786 2271 854 2334 erui
868 2273 981 2356 possit,
998 2272 1052 2359 qni
1067 2278 1165 2336 testes
1181 2271 1286 2334 idonei
1300 2276 1372 2334 sunt
1387 2290 1466 2332 usus

274 2381 433 2465 loquendi.
473 2379 638 2442 Caeterum
670 2379 729 2442 alia
761 2380 939 2462 commoda,
971 2401 1049 2464 quae
1077 2380 1244 2462 interpreti
1271 2379 1467 2464 etymologia

274 2493 432 2573 praestat,
449 2507 510 2550 non
527 2491 680 2571 negantur
690 2481 734 2574 ⁴).

366 2595 534 2677 Anatupiu
549 2615 607 2678 pro
624 2593 735 2675 majori
749 2595 799 2656 vel
816 2595 928 2657 minori
944 2595 1088 2659 similium
1102 2597 1272 2659 formarum
1285 2594 1336 2659 vel
1347 2595 1466 2658 dictio-

280 2723 351 2766 num
369 2703 474 2764 eadem
491 2707 648 2784 potestate
664 2703 849 2765 venientium
867 2725 994 2767 numero
1007 2702 1265 2790 significationem
1278 2703 1387 2766 similis
1399 2703 1469 2765 lor·

278 2831 345 2874 mae
361 2810 409 2874 vel
426 2811 572 2874 dictionis
589 2810 712 2894 definit,
737 2813 814 2875 lieet
838 2812 930 2875 ctiam
955 2815 1032 2876 baec
1048 2813 1235 2876 certitudine
1251 2817 1372 2894 eareat,
1397 2833 1470 2874 cum

277 2919 475 3002 exceptiones
498 2920 548 2982 vix
570 2939 702 3001 unquam
726 2921 836 2984 abesse
860 2921 990 2983 soleant.
1024 2922 1104 3000 Quia
1126 2925 1229 2984 tamen
1251 2921 1407 3002 homines,
1431 2925 1470 2982 ut

277 3029 458 3111 plerumque
481 3025 532 3110 fit,
557 3027 769 3092 similitudinis
792 3028 944 3092 rationem
968 3034 1151 3113 sequuntur,
1176 3033 1208 3092 et
1224 3049 1334 3092 reuera
1348 3027 1469 3092 similes

276 3136 395 3198 lamnae
419 3140 451 3199 et
474 3135 628 3200 dictiones
650 3136 771 3200 ratione
795 3135 962 3218 potestatis
986 3157 1060 3200 suae
1082 3137 1263 3218 frequenter
1280 3144 1468 3221 congruunt,

278 3245 339 3306 boc
355 3243 527 3307 subsidium
542 3265 604 3306 non
619 3245 858 3326 repudiandum,
882 3249 915 3308 ct
930 3263 967 3308 eo
984 3243 1112 3325 majoris
1131 3245 1279 3308 momenti
1303 3244 1380 3326 erit,
1404 3263 1468 3325 quo

279 3350 378 3433 major
394 3357 443 3415 est
459 3351 647 3434 similitudo,
672 3355 704 3416 et
726 3371 787 3435 quo
804 3350 904 3433 major
920 3358 969 3416 est
984 3373 1129 3416 numerus
1145 3354 1292 3418 similium
1309 3353 1469 3436 exemplo-

279 3481 364 3544 rum,
383 3480 461 3542 quae
478 3459 605 3522 eandem
621 3456 878 3542 significationem
894 3459 1110 3542 praeseferunt
1122 3459 1164 3544 ⁵).

369 3571 401 3632 2.
426 3567 505 3631 Cum
521 3564 689 3628 collatione
708 3565 832 3652 liuguae
852 3573 993 3632 mortuae
1014 3567 1159 3631 interiori
1182 3566 1396 3653 conjungenda
1418 3572 1469 3632 eat

275 3657 485 3756 ¹commoratio
502 3675 726 3738 dialectorum.
758 3673 879 3740 Etenim
900 3675 972 3756 quia
990 3675 1075 3738 inter
1091 3695 1197 3737 omnes
1212 3675 1350 3760 linguas,
1373 3693 1468 3758 prae-

281 3781 389 3844 sertim
414 3781 496 3844 inter
520 3779 671 3844 dialectos
696 3779 832 3864 ejusdem
856 3784 983 3866 stirpis,
1008 3783 1156 3864 quaedam
1181 3782 1344 3869 cognatio,
1369 3801 1467 3864 eaque

281 3889 345 3952 sive
361 3887 461 3970 major
476 3889 540 3952 sive
556 3889 656 3954 minor
671 3893 736 3954 tum
753 3892 855 3973 quoad
871 3890 1014 3955 lexicalia
1025 3894 1090 3954 tum
1104 3891 1205 3974 quoad
1221 3889 1468 3976 grammaticalia

280 3995 448 4060 intercedit
465 3993 514 4080 (s.
534 3993 606 4084 19),
635 4019 704 4062 eum
719 3999 826 4086 lingua
842 4003 984 4064 emortua
999 3999 1092 4062 etiam
1109 3997 1187 4060 aliae
1202 3999 1342 4084 linguae,
1366 4000 1466 4062 nomi·

281 4103 375 4168 natim
393 4102 517 4168 dialecti
535 4111 683 4192 cognatae
700 4109 816 4190 optime
833 4109 1035 4172 conferuntur
1050 4107 1088 4170 ad
1104 4127 1193 4170 usmn
1216 4105 1283 4188 ejus
1303 4108 1466 4172 illustran-

282 4213 353 4274 dum
370 4231 405 4274 ac
423 4209 683 4297 confirmandum,
707 4222 842 4280 attamen
861 4217 900 4279 ad
921 4237 989 4280 eum
1013 4215 1262 4280 constituendum
1279 4216 1379 4280 minus
1395 4237 1466 4280 cer-

167 4337 170 4344 ·
216 4303 221 4322 ⁶
281 4327 346 4384 tum
364 4321 505 4388 exhibent
522 4326 706 4409 subsidium,
735 4347 828 4408 quum
853 4325 1037 4390 nouaclum
1061 4325 1465 4410 liugnaemagisdiversae,

281 4429 336 4494 sed
362 4429 453 4492 etiam
478 4431 616 4518 singulae
640 4434 767 4498 dialecti
789 4433 925 4516 ejusdem
949 4433 1084 4496 familiae
1109 4433 1243 4516 plurima
1265 4434 1394 4516 propria
1409 4434 1465 4496 ha-

281 4541 374 4602 beant
392 4535 440 4625 (S.
459 4539 532 4627 20),
553 4547 585 4604 et
599 4543 795 4625 posteriores
810 4541 971 4606 vocabulis
988 4563 1110 4623 quoque
1127 4563 1163 4604 ex
1177 4543 1282 4627 lingua
1297 4547 1396 4606 matre
1412 4543 1465 4604 aut

283 4667 393 4712 sorore
409 4649 555 4714 assumtis
571 4673 665 4715 novas
681 4674 742 4716 non
757 4673 848 4736 raro,
875 4652 946 4735 plus
961 4651 1099 4716 minusve
1114 4651 1342 4734 discrepantes,
1367 4648 1464 4735 signi·
