3112 5284
1227 473 1304 550 243

112 673 134 716 a
161 651 297 715 veritate
325 648 530 736 expositionis
558 649 597 714 sd
623 648 787 714 veritatem
815 649 1005 735 argumenti,
1030 654 1063 712 et
1088 647 1157 715 vice
1183 671 1308 718 remea

111 759 256 824 falsitate
271 757 447 845 argumenti
477 761 515 822 ud
530 757 700 822 falsitatem
717 757 922 842 expositionis
938 763 1027 823 recte
1051 759 1250 824 concluditur
1261 761 1304 850 ⁶).

206 868 246 952 b)
270 867 391 948 Quodsi
423 887 450 932 s.
476 865 642 952 Scriptura
669 865 852 950 quidquam,
887 865 971 948 quod
995 865 1033 930 ad
1057 865 1205 931 scientias
1229 877 1305 952 pro·

111 976 204 1040 foues
227 974 358 1040 rationis
374 976 488 1040 lumine
504 975 645 1040 iuventus
666 979 807 1057 spectat,
831 975 915 1040 clare
931 980 962 1038 et
979 975 1138 1040 evidenter
1154 978 1305 1056 enuntiat,

110 1083 223 1147 harum
247 1084 441 1170 dirergentia
466 1090 636 1168 praecepta
658 1083 706 1146 illi
723 1081 915 1166 subjiciendo
929 1088 1013 1148 suut.
1045 1083 1081 1146 Si
1095 1103 1171 1150 vero
1187 1085 1304 1170 aliquid

110 1193 147 1256 in
171 1195 301 1278 quadem
325 1193 491 1276 disciplina
513 1192 644 1276 prolana
668 1191 828 1255 evidenter
849 1211 958 1255 rerum
981 1196 1045 1273 est,
1074 1211 1100 1254 s.
1125 1193 1302 1276 Scriptura,

108 1303 140 1367 si
155 1304 280 1367 videtur
302 1302 364 1367 alia
385 1303 511 1387 habere,
529 1301 620 1386 juxta
643 1305 748 1365 uotam
773 1303 805 1364 et
829 1299 1003 1366 evidentem
1026 1301 1112 1366 illius
1135 1304 1300 1367 ueritatem

111 1408 265 1493 explicari
288 1406 430 1495 debet⁶).

205 1519 244 1601 c)
269 1520 311 1580 At
343 1517 422 1580 licet
451 1515 642 1600 rejiciendus
670 1517 713 1582 sit
748 1537 876 1600 sensus,
906 1519 961 1600 qui
984 1538 1076 1584 sonae
1099 1519 1216 1584 rationi
1239 1520 1304 1588 evi·

111 1626 226 1690 deuter
248 1630 420 1711 repugnat,
444 1645 500 1690 seu
523 1631 559 1688 ut
582 1625 692 1688 schole
714 1625 874 1710 loquitur,
911 1625 964 1710 qui
988 1631 1038 1688 est
1061 1635 1176 1692 contra
1197 1631 1302 1694 ratio·

110 1756 206 1816 reem,·
230 1733 354 1799 minime
377 1739 480 1798 tamen
503 1732 590 1797 illum
613 1734 779 1816 repudiare
802 1734 897 1818 licet,
922 1735 975 1819 qui
998 1756 1108 1819 sopra
1129 1740 1303 1820 restorem,

109 1846 147 1906 nt
175 1839 241 1925 jam
275 1863 312 1906 ex
346 1839 452 1906 indole
486 1839 688 1906 revelationis
720 1839 841 1905 divinae
870 1841 903 1904 iu
933 1861 959 1904 s.
991 1838 1159 1926 Scriptura
1194 1843 1302 1907 obviae

109 1950 301 2038 intelligitur
312 1948 356 2038 ⁷).

201 2060 247 2144 d)
272 2059 413 2144 Denique
437 2058 653 2124 accomodntio
678 2058 875 2146 dogmatice,
899 2078 978 2142 quae
1001 2060 1033 2142 S.
1059 2061 1136 2124 120.
1157 2053 1201 2123 'ut
1223 2055 1304 2150 falsu

107 2167 261 2254 gravibus
296 2167 487 2254 argumentis
521 2166 690 2254 profligata
725 2172 790 2250 est,
827 2188 864 2230 oo
898 2168 993 2232 etiem
1025 2175 1060 2232 ut
1089 2167 1184 2252 impia
1212 2168 1303 2250 plene

110 2278 283 2341 damnanda
313 2283 377 2360 cst,
413 2278 496 2363 quod
527 2277 630 2340 divino
655 2275 775 2341 Christi
799 2276 929 2360 ejusque
962 2276 1139 2364 legatorum
1174 2279 1303 2342 cheruc-

109 2385 174 2448 teri
196 2386 389 2466 adversetur,
416 2383 479 2450 irno
505 2406 626 2449 omnem
643 2385 828 2472 religionem
851 2385 1019 2450 revelatum
1046 2383 1078 2448 iu
1102 2385 1202 2448 sacris
1223 2385 1300 2449 lite·

110 2493 157 2557 ris
173 2493 270 2558 tellit.

143 2690 170 2756 1)
190 2695 264 2745 Geni.
284 2697 410 2745 concil.
430 2697 578 2744 Trideut.
598 2696 672 2745 Sese.
689 2697 733 2745 lv.
752 2696 889 2744 Decretum
908 2699 941 2745 do
963 2699 1094 2744 eweuieis
1112 2697 1266 2757 scripturis.

137 2777 165 2850 ι)
185 2783 240 2833 iioc
261 2785 359 2847 psssinr
381 2787 495 2834 inculcet
519 2799 541 2834 s.
566 2787 797 2848 Augustinus,
835 2786 991 2846 praesertim
1018 2787 1095 2846 epist.
1123 2784 1239 2836 limil.
1264 2789 1298 2836 sd

180 2877 362 2936 lileronym.
383 2889 411 2924 u.
428 2879 463 2931 8.,
482 2877 527 2924 uisi
545 2876 654 2924 scribltt
672 2877 730 2936 Epo
744 2901 778 2910 —
796 2900 830 2910 -
848 2875 914 2924 eotte
933 2877 971 2924 cis
984 2875 1192 2939 scripturarum
1206 2877 1296 2936 libris,

183 2967 291 3028 quijom
303 2967 427 3016 ennesius·
435 2968 619 3031 appellaretur,
639 2967 722 3013 didici
729 2968 800 3014 tunc
810 2964 935 3014 timorem
946 2967 1127 3028 honoremque
1136 2965 1257 3029 deferre,
1266 2972 1298 3016 est

181 3057 284 3104 nollem
303 3067 396 3105 eorum
415 3059 553 3104 auctorem
568 3055 710 3102 scribendo
729 3053 830 3116 eliquia
849 3065 961 3102 errasse
976 3057 1093 3103 medem.
1118 3057 1152 3104 dt
1170 3058 1299 3116 inepist.

181 3145 292 3194 xxviii.
300 3147 443 3194 sdeundern
454 3159 480 3192 n.
492 3144 507 3192 i
521 3148 573 3192 stt:
593 3145 714 3194 Admisso
728 3145 810 3194 semel
822 3143 852 3192 in
861 3149 964 3194 tantem
974 3146 1146 3194 auctoritem
1159 3145 1300 3208 fustips'uss

182 3236 305 3300 officiose
314 3237 404 3300 alioue
415 3237 634 3286 mendaciunculis
643 3236 753 3284 illorum
764 3236 897 3284 librorum
911 3237 1050 3306 porticula
1064 3238 1219 3296 remanebit,
1231 3253 1298 3300 quac

180 3339 235 3376 son
252 3331 385 3391 utensque
401 3328 534 3378 uidebitur
550 3331 594 3376 vei
609 3331 645 3378 ad
661 3342 751 3377 mores
765 3327 888 3390 difficilis
904 3330 949 3376 cel
964 3330 1000 3376 od
1020 3327 1097 3390 fidem
1115 3327 1296 3380 incredibilis.

181 3418 256 3466 Ceut.
271 3420 349 3466 etiem
358 3419 474 3480 ejusdem
483 3419 527 3466 lib.
538 3417 576 3466 11.
595 3420 627 3466 de
646 3431 776 3466 consensu
793 3419 891 3478 livenp.
901 3405 962 3478 ¹cup.
973 3417 1003 3464 ll.
1024 3418 1089 3477 Quin
1103 3431 1166 3465 vero
1179 3419 1298 3467 absolute

180 3511 277 3558 veritus
294 3511 416 3570 personis
435 3509 540 3557 biblicis
559 3511 644 3557 solum
659 3511 798 3570 competit,
819 3510 863 3556 ubi
878 3511 963 3558 divine
980 3511 1135 3556 auctoritate
1151 3511 1294 3570 pendentes

180 3600 331 3661 loquuntur,
351 3601 384 3647 sd
397 3611 442 3647 ees
455 3599 601 3648 sententies
611 3611 664 3646 nnn
684 3601 726 3646 est
746 3601 897 3655 referendo,
917 3603 990 3659 quss'
1004 3611 1053 3646 sue
1070 3600 1120 3658 ipsi
1134 3601 1236 3659 iugenio
1251 3613 1296 3647 re·

179 3689 234 3737 lictl
257 3690 439 3747 enuntiarunt,
470 3691 509 3736 nti
525 3703 550 3736 e.
571 3701 596 3750 ς.
621 3689 740 3748 Apostoli
763 3693 824 3738 sute
842 3688 991 3738 effusionem
1016 3688 1131 3749 Spiritus
1156 3701 1178 3736 s.
1201 3690 1298 3756 Morsu..

179 3779 271 3835 xviii,
294 3781 316 3826 1.
335 3779 415 3829 stne.
431 3780 470 3836 X,
490 3780 607 3828 tin-38.
637 3779 714 3826 loen.
729 3779 774 3838 ix,
795 3781 820 3828 2.
840 3781 898 3828 Act.
913 3781 940 3836 l,
962 3782 989 3828 c.

135 3869 165 3932 3)
184 3871 253 3918 idem
267 3875 321 3934 jem
339 3872 439 3931 pridem
454 3884 480 3918 e.
492 3885 515 3918 s.
531 3873 723 3931 Augustino
738 3871 782 3918 lin.
802 3873 836 3918 ll.
853 3876 942 3918 contre
958 3872 1047 3917 Feust.
1067 3883 1122 3930 cnp.
1143 3871 1176 3916 ll.
1198 3869 1292 3918 obser-

179 3965 263 4007 vatum
280 3961 346 4008 init:
366 3960 425 4022 „itt
448 3960 495 4022 (ln
520 3960 680 4020 Scripturis)
700 3962 749 4018 sit,
769 3961 796 4008 ei
819 3960 881 4024 qnid
908 3959 982 4008 velut
1004 3959 1150 4008 absurdum
1169 3959 1292 4020 moverit,

178 4062 233 4095 non
253 4049 317 4097 lieet
332 4049 439 4096 dicere:
458 4049 560 4098 ductor
579 4051 656 4112 hujus
672 4049 737 4098 titre·
754 4065 808 4098 ron
819 4049 904 4098 tenuit
920 4049 1069 4104 veritatem,
1089 4051 1136 4096 sed
1147 4053 1194 4097 atet
1207 4053 1294 4098 codem

179 4131 322 4188 mendosus
344 4142 400 4196 est,
421 4143 470 4188 out
480 4141 617 4204 interpres
639 4141 769 4196 errauit,
786 4143 834 4188 cest
846 4144 874 4188 tes
893 4153 948 4186 eron
963 4139 1120 4200 intellipis.”
1159 4181 1161 4188 ,

133 4220 160 4287 ⁴)
178 4227 249 4275 (toul.
268 4230 300 4278 de
315 4229 444 4290 ejusmodi
460 4231 546 4276 citetis
565 4231 633 4277 inire
650 4229 721 4277 Sect.
741 4231 781 4287 li,
801 4243 857 4290 cup.
878 4231 922 4278 ill.
944 4229 986 4289 §s-
1005 4231 1055 4276 190
1067 4253 1100 4264 —-
1113 4229 1173 4276 192.

134 4311 159 4380 15)
178 4319 222 4366 Sic
237 4333 259 4367 e.
276 4333 311 4380 g„
332 4321 393 4381 quis
408 4321 439 4367 de
452 4323 561 4368 veritate
579 4321 758 4382 expositionis,
779 4334 844 4380 quae
860 4321 940 4366 verbs
953 4321 1071 4366 Dominis
1093 4318 1148 4366 Hoc
1168 4320 1209 4364 est
1227 4331 1290 4366 cor-

175 4423 227 4472 pus
250 4424 354 4472 merem,
382 4415 425 4459 etr
457 4411 506 4458 ilie
534 4413 576 4458 est
598 4411 710 4472 sanquis
734 4423 808 4457 meses
832 4414 882 4457 etc.
912 4410 1002 4456 Mettis.
1023 4409 1113 4462 xxvi,
1133 4409 1178 4454 26.
1199 4401 1242 4453 28.
1264 4408 1289 4452 iu

178 4513 259 4548 sensu
276 4502 372 4548 litereli
390 4503 542 4561 opproprio
560 4501 651 4556 sumit,
672 4502 778 4547 attentis
798 4501 868 4548 senis
887 4499 1074 4559 interpretandi
1090 4499 1193 4558 legibus
1207 4499 1293 4544 nullos

178 4591 313 4636 dubitandi
337 4591 493 4650 relinquitur
519 4591 607 4650 locus,
635 4595 708 4637 recte
735 4589 913 4648 concluditur,
942 4589 1019 4635 etism
1043 4589 1199 4641 doctrinam,
1226 4595 1293 4646 quoe

178 4679 267 4728 verbis
283 4681 320 4726 itu
337 4679 451 4740 acceptis
471 4681 636 4740 enuntietur,
656 4679 817 4726 verissimum
835 4693 911 4741 esse,
931 4681 986 4738 its,
1001 4683 1035 4725 ut
1051 4679 1119 4725 nude
1137 4679 1178 4726 hic
1196 4690 1293 4737 εις-ιρις

1009 4783 1076 4834 16*
