3190 5290
1293 493 1344 569 35

155 667 220 732 loc
234 667 373 745 eiectat,
389 661 489 730 occos
504 665 578 752 ejas
593 685 634 731 oc
648 664 791 753 phrases
806 669 1015 755 interpretati
1026 679 1105 733 som
1111 669 1155 753 s).
1171 669 1252 748 Quid
1269 691 1345 734 con-

157 778 209 838 tre
223 775 301 838 haee
316 773 505 856 testimonla,
522 793 601 856 qnae
614 774 718 838 omnin
738 773 857 838 directe
874 778 907 839 et
921 775 1097 841 immediate
1117 797 1206 840 nsum
1222 777 1346 866 linguas

156 887 319 946 emortuae
335 883 558 965 comprobant,
593 882 694 966 excipi
718 886 828 966 queat,
861 889 1040 968 conputet,
1068 905 1136 948 cum
1153 887 1191 949 ab
1207 887 1265 971 iis,
1293 889 1347 973 qui

157 990 286 1090 iactum,
302 990 341 1054 de
358 1011 420 1074 quo
440 991 554 1075 agitur,
572 991 690 1074 optime
706 995 869 1071 noverunt,
886 992 1030 1077 deposita
1048 992 1122 1076 sint,
1138 997 1231 1077 atque
1248 995 1347 1061 omnis

155 1098 317 1162 sublestae
331 1095 405 1162 ildei
420 1099 558 1182 suspicio
575 1097 668 1162 desit.

184 1239 211 1306 ¹)
232 1243 275 1290 sie
301 1243 343 1291 ubl
362 1243 537 1304 Xenophon
564 1245 623 1290 voci
646 1255 755 1304 graecae
779 1248 825 1292 aut
845 1246 962 1293 cicero
989 1247 1086 1295 latinns
1102 1246 1196 1294 tribuit
1214 1249 1347 1308 quamdam

232 1333 460 1394 signiticstlonem,
490 1335 618 1382 directum
639 1345 670 1380 sc
689 1335 863 1382 immediatum
887 1337 998 1385 habetur
1015 1339 1204 1395 testimonium,
1233 1347 1285 1399 quo
1303 1339 1346 1386 in·

230 1425 374 1485 mingitur,
394 1427 461 1473 hanc
486 1425 570 1473 luisse
589 1426 660 1485 apud
679 1423 794 1474 Graecos
815 1430 860 1473 aut
877 1427 985 1474 uncinos
1006 1428 1075 1476 lilius
1094 1429 1166 1477 vocis
1186 1430 1250 1488 vim,
1270 1441 1346 1490 quum

230 1517 319 1578 lingua
337 1527 434 1576 graeca
450 1515 565 1574 prioris,
585 1514 666 1562 latina
684 1527 747 1563 vero
768 1517 926 1578 posterioris
945 1519 1027 1566 inerit
1045 1521 1191 1566 rernscuia.

183 1600 212 1668 ⁸)
232 1607 288 1668 Quo
307 1607 461 1654 referendus
477 1620 502 1654 e.
522 1619 549 1666 g.
567 1606 778 1654 'i'erentius
798 1607 902 1666 Ater,
922 1608 964 1668 qui
984 1609 1042 1655 dum
1058 1609 1139 1655 istinc
1158 1611 1277 1670 scripsit,
1296 1623 1348 1657 non

230 1697 397 1744 vernaculam
424 1695 536 1743 habebat
563 1697 678 1757 lingusm
708 1696 789 1752 iiiam,
814 1697 892 1756 longo
913 1699 998 1744 tamen
1019 1711 1068 1744 usu
1088 1698 1238 1759 cognitemp
1265 1711 1346 1759 porro

237 1785 369 1833 iiarcus
389 1787 595 1843 Antoninus,
615 1786 788 1845 iosephus
806 1787 940 1835 Flavius
962 1801 991 1834 ac
1014 1788 1119 1844 Philo,
1139 1789 1182 1849 qui
1200 1789 1258 1836 dum
1276 1803 1347 1836 com·

230 1877 374 1923 mental-ios
402 1889 464 1924 suos
492 1888 585 1935 graece
613 1876 808 1932 elucubrarunt,
836 1879 887 1924 sisi
915 1877 991 1936 prior
1018 1879 1160 1934 Romanus,
1180 1879 1345 1938 posteriores

231 1965 465 2022 inintellectum,
485 1967 571 2013 idonei
591 1969 677 2013 tamen
697 1968 758 2012 suot
776 1969 860 2014 testes
879 1967 981 2026 linguae
1001 1978 1125 2027 naccae,
1144 1945 1263 2028 neonium
1282 1970 1347 2016 itssc

231 2057 348 2116 ipsorum
364 2059 453 2106 aetate
472 2057 556 2104 adhuc
576 2056 693 2118 vigebat,
713 2055 832 2114 ipsisque
852 2056 917 2106 bene
936 2058 1040 2118 cognita
1060 2061 1128 2106 erat.

181 2141 211 2208 θ)
230 2147 271 2193 ita
286 2148 314 2194 in
331 2148 451 2206 epistolis
472 2147 651 2195 ciceronis
679 2145 834 2205 explicandis
855 2147 972 2206 inprimis
997 2148 1097 2208 scripta
1121 2149 1236 2208 ejusdem
1253 2152 1345 2196 aucto·

231 2239 284 2294 ris,
304 2239 352 2284 sed
370 2242 396 2285 et
409 2237 536 2294 (icelii,
556 2237 707 2297 Sulpicii
724 2237 882 2296 aliorumque
896 2239 1020 2296 epistolas
1038 2240 1169 2298 interpres
1183 2243 1256 2287 recte
1273 2240 1347 2288 adhi-

230 2329 291 2385 bet,
310 2329 432 2388 qnoniam
449 2330 475 2376 hi
493 2327 602 2375 Romani
622 2341 709 2376 omnes
732 2340 789 2375 cnm
808 2329 934 2376 cicerone
955 2329 1043 2377 eadem
1063 2332 1150 2376 aetate
1169 2329 1302 2386 vixerunt,
1321 2333 1349 2376 et

232 2432 307 2466 usum
327 2419 435 2466 iaticum
455 2419 550 2479 epi-ime
569 2421 707 2466 noverum.

184 2503 211 2570 ⁸)
229 2508 295 2556 Dum
314 2522 339 2566 a.
354 2522 381 2568 g.
401 2509 524 2556 cicero
542 2509 636 2555 multos
652 2508 844 2561 Platonicorum
865 2507 1025 2569 dialogorum
1044 2510 1116 2556 locos
1134 2511 1232 2567 vertit,
1251 2511 1278 2558 hl
1295 2513 1348 2560 ieci

230 2600 339 2646 totidem
355 2599 505 2646 testimonia
524 2597 693 2658 suppeditant
712 2600 743 2646 ds
760 2599 787 2645 vi
805 2611 835 2646 ac
856 2603 988 2658 potestate
1008 2599 1147 2648 verborum
1164 2601 1347 2650 Platonis.

231 2689 348 2750 Scripsit
368 2689 435 2737 enlm
452 2689 581 2736 Romanus
599 2689 643 2736 iiie
662 2690 749 2748 lingua
766 2701 860 2750 graeca
879 2691 963 2737 adhue
982 2691 1057 2748 vira,
1077 2690 1185 2751 ejusque
1204 2692 1254 2740 luit
1273 2693 1346 2752 peri-

231 2780 361 2828 tissimus.

430 2923 460 2990 s.
475 2919 521 2980 aa
537 2918 704 2978 testimonie
719 2933 785 2978 usus
800 2899 925 2992 loquendi
940 2919 1080 2979 indirecta

249 3049 331 3130 Quid
351 3069 427 3113 vero
454 3049 482 3112 si
507 3047 659 3130 ejusmodi
681 3048 860 3112 testimonia
882 3067 958 3112 usus
982 3044 1129 3131 loquendi
1152 3047 1272 3110 directa
1293 3051 1349 3109 aui

155 3177 289 3243 prorsus
306 3158 424 3238 desint,
447 3164 501 3222 aut
517 3179 579 3220 uon
595 3156 773 3221 sufficienti
792 3157 872 3220 Tum
888 3157 920 3218 in
935 3156 1107 3220 subsidium
1122 3154 1261 3218 vocanda
1275 3159 1348 3216 sunt

154 3267 340 3331 testimonia
354 3266 525 3346 indirecta,
542 3267 675 3348 adquae
692 3269 849 3350 spectante

249 3375 274 3439 1.
300 3375 453 3442 nodoso
468 3378 665 3457 domestico,
687 3395 765 3458 quae
781 3375 872 3437 nobis
888 3377 938 3437 est
954 3371 1091 3458 cognitio
1105 3371 1240 3457 linguae,
1256 3391 1346 3454 quam

158 3485 198 3547 ab
223 3485 407 3567 antiquitate
429 3482 566 3566 ejusdem
582 3501 680 3568 gnara
696 3482 745 3545 vel
760 3481 831 3544 viva
844 3500 921 3544 voce
936 3479 986 3541 vel
1003 3478 1130 3563 scriptis
1145 3483 1348 3564 propagatam

156 3593 345 3678 accepimus.
384 3591 493 3675 Neque
525 3591 703 3674 hujusmodi
735 3587 913 3654 traditionis
941 3587 1112 3652 subsidium
1139 3592 1347 3650 scrutatorem

155 3702 281 3787 linguae
300 3705 442 3766 mortuae
462 3701 555 3764 facile
577 3719 710 3785 prorsus
733 3700 898 3778 destituet,
922 3719 1015 3782 quum
1038 3697 1123 3760 nulia
1144 3697 1264 3782 lingua,
1288 3679 1349 3760 nisi

155 3811 244 3874 notio
268 3811 353 3894 ipsa,
378 3809 466 3892 cnjus
488 3808 655 3873 vernacula
677 3807 753 3887 fuit,
777 3809 900 3890 penitus
923 3805 1089 3890 subjugata
1112 3809 1145 3869 et
1166 3805 1205 3868 ad
1230 3805 1348 3869 alienas

155 3915 245 4003 leges
260 3919 364 3981 virere
381 3923 492 3980 coacta
514 3917 625 3998 luerit,
650 3917 695 3978 ita
720 3917 889 3998 exstirpata
911 3914 970 3996 sit,
997 3918 1108 3977 utnon
1125 3911 1192 3994 ejus
1208 3912 1347 3998 cognitio

155 4025 240 4110 apud
266 4025 432 4108 cultiores,
457 4027 489 4086 ct
516 4043 552 4086 eo
579 4023 699 4086 certior
722 4043 759 4086 ac
783 4021 931 4106 amplior,
956 4042 1017 4104 quo
1041 4020 1208 4084 viciniores
1231 4020 1348 4082 luerint

154 4135 272 4198 viventi
286 4133 420 4218 linguae,
437 4135 617 4195 servaretur
633 4135 664 4194 et
681 4131 719 4194 ad
735 4135 882 4222 posteros
898 4133 1127 4214 propagaretur
1136 4120 1179 4214 ¹).
1199 4127 1345 4192 Fontes

154 4261 232 4306 nero
249 4239 341 4323 hujns
356 4238 537 4302 traditionis
554 4242 644 4301 suni:

248 4351 280 4414 1.
304 4347 451 4433 cognitio
464 4346 587 4432 linguae
599 4351 739 4409 mortuae
748 4347 950 4409 institutione
962 4347 997 4406 in
1007 4346 1129 4408 sciolis
1137 4352 1325 4427 propoyotu
1383 4329 1387 4338 ’

248 4459 280 4521 2.
305 4453 442 4536 Scripta
455 4462 532 4536 posi
546 4456 679 4536 iioyooc
690 4455 798 4536 fatum
813 4461 978 4532 exorato,
999 4449 1096 4514 veluti
1110 4449 1271 4512 versiones
1286 4448 1345 4510 im·

155 4561 326 4641 mediatae,
349 4559 491 4626 veniales
512 4559 696 4645 praesertim
712 4577 748 4620 ac
765 4556 1009 4642 etymologicae,
1032 4555 1147 4636 lexica,
1171 4552 1291 4617 scholia
1312 4557 1344 4614 et

151 4667 298 4757 glossae,
320 4665 393 4731 libri
408 4668 679 4752 grammaticorum
702 4669 796 4745 atque
813 4663 1025 4727 commentarii
1045 4657 1245 4745 philologici,
1267 4676 1344 4742 pro·

1073 4784 1089 4832 3
1111 4780 1126 4812 ο
