3092 5286
1232 459 1308 533 201

214 639 295 702 Sunt
321 641 424 701 autem
456 633 594 700 subsidia
626 634 748 698 consilii
780 635 1010 720 cognoscendi,
1040 657 1118 718 quae
1147 637 1208 699 boe
1237 634 1309 699 loco

120 747 286 828 speciatim
302 745 493 809 recensenda
509 744 734 824 existimamus,
759 748 887 825 practer
902 743 1051 808 disertam
1068 743 1309 808 declarationem

118 851 183 918 lide
205 853 328 940 dignam
343 855 408 917 eive
423 854 461 916 ab
478 857 607 916 auctore
625 852 691 916 sive
706 851 744 916 ab
761 851 830 914 aliis
849 853 973 931 datam,
997 853 1111 938 partim
1129 855 1218 916 extra
1234 870 1308 914 ora-

119 961 261 1044 tionem,
286 961 453 1045 partimin
475 961 617 1025 oratione
642 961 746 1043 posita
769 961 899 1042 indicia,
923 961 1053 1045 quibus,
1078 962 1153 1044 quid
1175 961 1308 1045 loquens

119 1069 279 1149 intendat,
303 1071 482 1134 innotescit.
511 1070 711 1154 Applieamns
733 1090 808 1132 vero
831 1069 945 1132 haecce
967 1069 1106 1133 subsidia
1128 1075 1248 1133 tantum
1270 1071 1309 1132 ad

120 1177 286 1241 eonsilium
307 1178 449 1264 integrae
471 1179 663 1261 scripturae,
686 1178 757 1242 dein
772 1177 906 1261 antiqui,
932 1179 1052 1240 demum
1077 1177 1149 1241 novi
1170 1177 1308 1242 foederis

119 1289 392 1373 cognoscendum,
416 1309 455 1352 ne
476 1287 589 1351 fusiori
605 1287 814 1372 applicatione
838 1287 954 1350 limites
970 1287 1096 1350 nimium
1114 1286 1306 1350 excedamus.

210 1396 357 1476 Quamvis
382 1397 420 1460 de
444 1396 585 1480 pluribus
609 1395 669 1460 boc
691 1397 763 1462 loeo
787 1396 960 1460 tractandis
983 1394 1131 1458 subsidiis
1150 1393 1215 1478 jam
1231 1395 1307 1460 alibi

118 1525 222 1568 sermo
238 1503 319 1583 luit,
344 1504 383 1566 ob
399 1504 593 1588 frequentem
608 1507 712 1570 tamen
730 1525 839 1568 curum
853 1525 943 1568 nsum
959 1525 1017 1587 pro
1036 1502 1168 1566 consilio
1185 1503 1306 1568 inveni-

31 1606 34 1610 ’
116 1613 199 1676 endo
213 1632 250 1676 ea
260 1611 311 1674 bic
328 1633 390 1675 nou
400 1615 573 1676 retractare
585 1633 622 1676 eo
639 1613 739 1676 minus
755 1611 884 1694 placuit,
901 1611 974 1696 quia
989 1610 1064 1674 alibi
1080 1611 1140 1674 alio
1156 1615 1305 1694 respectu

116 1719 406 1782 considerabuntur.
428 1720 601 1804 Praecipue
617 1722 789 1804 proximum
806 1719 972 1783 consilium
989 1739 1026 1781 ex
1041 1717 1199 1802 plurimis,
1225 1740 1304 1803 quae

114 1828 279 1913 hucusque
290 1827 671 1908 recensuimus,subsidiis
684 1828 753 1910 plus
763 1827 902 1892 minusue
913 1826 1079 1911 perspicue
1092 1827 1305 1912 cognoscitur.

494 2007 521 2075 s.
539 2005 596 2066 1³⁰.
611 2005 765 2066 beeluctto
781 2007 833 2066 lde
849 2007 938 2080 dgna

206 2154 322 2218 Procul
346 2154 440 2218 dubio
464 2159 575 2219 auctor
597 2155 686 2236 libri,
712 2160 743 2220 et
766 2155 828 2235 illi,
853 2155 965 2239 quibus
989 2159 1100 2220 auctor
1122 2155 1255 2240 ingenue
1272 2155 1304 2219 id

112 2262 276 2344 patefecit,
300 2263 457 2346 loquentis
475 2263 640 2328 consilium
656 2287 719 2328 non
735 2265 935 2351 ignorarunt,
960 2264 1005 2328 ita
1020 2269 1057 2328 ut
1072 2285 1129 2328 nec
1146 2264 1236 2328 nobis
1253 2284 1305 2328 res

114 2389 185 2434 cese
202 2371 295 2434 dubia
311 2372 439 2454 poterit,
458 2394 548 2456 quarn
564 2373 696 2456 primum
711 2373 761 2437 vel
777 2374 916 2438 auctoris
931 2374 982 2436 rel
993 2373 1125 2437 aliorum
1136 2370 1198 2437 fide
1211 2373 1304 2458 digna

90 2539 94 2548 ,
113 2479 288 2544 declaratio
311 2479 526 2568 profertur¹).

206 2591 309 2654 luduit
336 2613 411 2654 vero
439 2593 525 2656 haee
544 2593 715 2657 declaratio
743 2593 880 2657 indolem
904 2592 1088 2657 testimonii.
1122 2595 1244 2672 Quare,
1269 2598 1304 2655 ut

114 2699 206 2761 dotes
222 2699 405 2778 testimonii,
430 2701 469 2762 de
486 2721 547 2784 quo
564 2701 696 2787 agimus,
710 2701 863 2784 imprimis
879 2703 1073 2766 necessarias
1089 2701 1303 2785 respiciamus,

114 2807 209 2870 debet
226 2826 318 2872 esse:
938 2827 939 2830 ’

206 2919 236 2980 1.
261 2916 369 2996 Certo,
388 2915 509 3000 qualem
530 2917 562 2978 iu
585 2916 727 2998 pluribus
747 2915 940 2980 Psalmorum
964 2917 1065 2980 titulis
1089 2920 1121 2980 et
1143 2915 1302 2980 nonnullis

111 3023 240 3086 Petrum
257 3021 358 3088 edatis
376 3025 414 3087 de
431 3044 457 3088 s.
475 3024 660 3107 scripturae
678 3025 809 3088 consilio
825 3026 944 3089 frustra
960 3025 1150 3107 quaesicris,
1178 3025 1301 3109 quando

111 3131 237 3197 seilicet
253 3127 425 3197 sententias
442 3154 514 3197 snas
530 3156 592 3198 non
608 3140 671 3198 tam
688 3157 724 3198 ex
739 3133 800 3199 fide
818 3135 911 3221 digna
926 3135 1098 3197 traditione
1119 3134 1302 3212 hauserunt,

110 3259 202 3322 quam
218 3242 324 3324 potius
341 3263 378 3306 ex
394 3235 595 3328 argumento,
621 3245 705 3328 quod
719 3243 824 3306 verius
842 3241 1072 3325 conjecturam,
1098 3262 1189 3327 quam
1204 3243 1298 3305 testi·

109 3351 248 3414 monium
264 3351 380 3414 dixeris
393 3344 436 3440 ²).

200 3463 233 3524 2.
256 3461 356 3522 Porro
379 3479 414 3522 se
436 3461 582 3523 extendat
603 3462 650 3525 ud
671 3482 800 3542 omnes,
825 3481 955 3544 quarum
979 3479 1050 3524 csse
1073 3459 1199 3544 aliquod
1222 3481 1300 3524 con·

108 3567 214 3632 silium
239 3569 450 3649 existimatur,
474 3567 638 3659 partes³).

200 3678 232 3743 3.
255 3677 396 3760 Denique
417 3679 461 3741 sit
482 3682 576 3744 claro
589 3675 631 3765 ⁴).

197 3786 229 3850 b.
254 3787 406 3850 Exhibeat
435 3792 603 3854 sincerum
633 3794 874 3872 testimonium,
899 3790 982 3875 quod
1013 3790 1045 3853 in
1075 3785 1299 3873 hagiographis

105 3894 214 3978 utique
231 3912 356 3979 semper
371 3895 510 3977 obtinet,
534 3899 565 3960 in
582 3898 651 3962 aliis
668 3904 792 3979 tamen,
818 3899 871 3984 qui
886 3897 978 3963 linem
1004 3897 1156 3962 orationis
1179 3917 1300 3979 propo·

105 4007 202 4082 nunt,
227 4006 405 4086 promiscue
428 4007 561 4090 supponi
581 4031 642 4072 non
666 4010 759 4074 debet
771 4006 814 4097 ⁶).

72 4167 74 4171 ψ
127 4129 155 4198 ²)
176 4134 324 4195 Scriptores
345 4137 415 4184 sacri
434 4139 503 4185 sicut
517 4141 617 4198 protam
637 4153 826 4202 nonnumquam
851 4143 901 4201 ipsi
920 4143 946 4188 ln
971 4142 1044 4188 libris
1072 4142 1127 4188 suls
1149 4140 1296 4197 consilium,

178 4227 247 4286 quod
264 4226 443 4275 inscribendo
462 4231 539 4291 seqnl
558 4235 713 4292 statuerant,
734 4233 878 4292 etquidem
893 4233 968 4280 modo
989 4233 1021 4280 ab
1041 4233 1132 4292 initio,
1151 4235 1179 4276 ut
1196 4230 1256 4275 lanc.
1275 4230 1295 4284 l,

178 4317 274 4374 1-t.,
294 4318 371 4364 modo
386 4319 411 4364 ln
432 4317 496 4377 tine,
516 4323 545 4366 nt
559 4321 633 4368 toan.
648 4323 705 4384 XX,
727 4325 771 4370 tt.
790 4325 809 4370 1.
824 4324 895 4371 Petr.
912 4324 941 4380 V,
966 4326 1025 4382 12„
1043 4323 1117 4369 modo
1134 4333 1184 4380 per
1202 4321 1295 4366 deene-

175 4417 249 4462 eurn,
269 4412 299 4454 nt
316 4408 388 4456 Rom.
408 4409 461 4464 111,
482 4411 526 4457 28.
547 4411 669 4460 indicant.

126 4488 153 4558 ¹)
172 4496 226 4544 llue
243 4502 374 4558 spectant,
394 4513 458 4558 quae
474 4501 646 4560 irenaeus,
664 4502 726 4552 Adr.
742 4503 847 4552 Haeree.
866 4505 911 4551 lib.
930 4507 951 4551 1.
972 4506 1015 4552 26.
1030 4502 1073 4549 lib.
1093 4501 1137 4548 111.
1161 4502 1224 4553 rh,
1245 4499 1295 4543 tri-

172 4586 254 4634 buens
274 4589 382 4636 loannis
405 4591 543 4650 Evangelio
571 4590 646 4639 linem
672 4594 838 4652 polemicum,
866 4607 956 4654 nempe
982 4594 1105 4641 directam
1131 4589 1246 4637 cerinthi
1270 4593 1296 4633 et

172 4679 354 4726 Nicolaitarum
371 4681 568 4741 refutationem,
588 4682 707 4741 protulit,
724 4684 824 4731 nonnisi
843 4683 999 4742 conjecturis
1018 4681 1186 4728 accensenda.
