3118 5282
1244 463 1323 538 399

139 639 397 725 explicationibus
408 643 555 728 dogmata
565 641 717 704 rationem
733 638 913 721 superantia
928 640 958 701 in
976 639 1137 704 doctrinas
1155 640 1184 703 ei
1200 643 1325 724 pervias

139 759 170 815 et
194 749 344 814 miracula
366 751 398 813 in
427 755 556 814 eventus
583 731 744 814 'naturales
773 747 998 834 psychologice
1028 747 1078 813 rel
1107 748 1244 833 mythice
1273 751 1324 813 vel

138 861 199 926 alia
222 859 361 926 violenta
383 859 504 925 ratione
529 861 798 924 converterentur.
823 859 909 936 Quae
926 877 1075 942 perversa
1089 878 1196 924 sacras
1212 859 1325 943 Serip-

137 973 226 1032 turas
249 969 288 1032 ad
310 968 517 1032 rationalismi
540 986 652 1032 seusus
677 965 906 1048 contorqueudi
929 966 1011 1031 ratio
1034 972 1153 1032 tantum
1183 967 1215 1032 iu
1244 969 1325 1030 Pro·

137 1077 320 1142 testantium
333 1077 447 1141 eastris
463 1076 631 1141 dominium
648 1073 820 1159 occupavit,
840 1079 875 1137 nt
892 1095 930 1138 ne
946 1075 1082 1138 caeteris
1097 1076 1326 1140 moderatiores

138 1185 262 1267 quidem
286 1203 410 1266 semper
433 1184 471 1247 ab
496 1203 532 1247 ea
556 1183 705 1247 mmuues
740 1181 920 1247 exstiterint
942 1181 986 1262 ⁸).
1020 1185 1125 1261 Quare
1158 1181 1230 1248 fieri
1263 1204 1325 1246 non

137 1297 254 1384 potest,
279 1292 354 1376 quin
376 1313 434 1375 per
457 1313 564 1356 eornm
587 1311 683 1375 opera
707 1291 865 1376 exegetica
888 1293 951 1354 tam
976 1291 1114 1356 criteriis
1140 1313 1231 1377 quam
1248 1293 1326 1357 ‹loc-

137 1403 230 1466 trinis
252 1401 454 1468 revelationis
479 1401 601 1465 divinae
624 1401 739 1465 sensim
763 1400 936 1466 extenuatis
953 1404 984 1465 et
1000 1401 1121 1464 demum
1138 1401 1231 1483 plane
1249 1400 1326 1464 snb·
1414 1478 1416 1491 Ι

143 1511 222 1576 latis
246 1511 366 1576 incauti
380 1512 419 1574 ad
435 1510 619 1596 religionem
636 1531 721 1574 mera
737 1509 910 1574 naturalem
925 1510 1159 1593 pertrahantur,
1175 1510 1331 1593 hujusque

136 1621 251 1683 aemuli
272 1619 305 1682 in
329 1619 396 1682 dies
419 1623 600 1704 augeantur.

228 1729 260 1792 4.
282 1727 393 1810 Neque
416 1727 614 1792 necessarius
638 1732 686 1791 est
710 1745 858 1790 recursus
882 1729 921 1790 ad
945 1747 1042 1810 opera
1065 1726 1224 1812 exegetica
1245 1727 1328 1789 Aca-

136 1834 339 1916 tholicornm,
363 1856 432 1898 curn
455 1855 518 1899 non
542 1835 644 1899 desint
668 1829 859 1916 interpretes
882 1833 1041 1914 catholici,
1066 1834 1119 1918 qui
1134 1834 1185 1897 vel
1201 1831 1329 1897 difficil-

140 1943 231 2008 limas
254 1964 281 2010 s.
295 1943 480 2028 Scripturas
503 1949 609 2030 partes
632 1943 677 2008 ita
701 1949 847 2010 accurate
863 1963 900 2010 ac
916 1944 1085 2027 perspicue
1107 1947 1329 2028 exposuerunt,

137 2057 173 2116 ut
195 2052 257 2137 ipsi
279 2053 496 2118 Protestantes
520 2055 601 2116 haud
625 2073 725 2137 pauca
748 2073 785 2116 ex
807 2052 847 2116 iis
872 2052 1088 2135 excerpserixt
1102 2052 1145 2133 ⁴).

229 2161 315 2238 Quae
332 2182 402 2224 cum
418 2161 463 2225 ita
487 2161 561 2242 sint,
585 2162 697 2225 mirum
721 2183 783 2226 non
806 2165 866 2241 est,
888 2161 989 2224 tuisse
1011 2159 1170 2225 antistites
1193 2158 1329 2223 catholi-

138 2289 209 2348 cos,
234 2268 288 2350 qui
311 2269 377 2332 suis
400 2269 534 2332 subditis
558 2269 803 2334 acatholicorum
827 2270 1034 2352 interpretum
1062 2288 1152 2331 usum
1182 2285 1330 2350 expresse

137 2377 373 2458 interdicerent,
396 2378 476 2442 bene
500 2398 627 2464 gnaros,
650 2378 789 2442 tironum
812 2377 955 2464 inprimis
979 2377 1089 2442 animis
1111 2375 1261 2441 facillima
1276 2397 1330 2440 ra-

138 2487 226 2552 tione
241 2487 387 2572 pestiferi
410 2489 522 2554 veneni
543 2493 666 2574 guttam
690 2489 754 2553 cito
772 2487 868 2554 citius
884 2488 1042 2554 instillari.
1066 2487 1148 2568 Quia
1161 2507 1237 2552 vero
1253 2507 1330 2550 usus

136 2593 344 2676 interpretum
376 2594 624 2660 acatholicorum
658 2597 728 2682 lege
762 2596 931 2661 universali
961 2595 1139 2680 prohibitus
1170 2613 1329 2679 *nunquam

137 2702 209 2785 fuit,
234 2707 267 2766 et
290 2721 398 2766 eorum
422 2724 519 2786 opera
542 2705 704 2789 exegetica
726 2705 766 2768 oh
790 2705 911 2784 eximia,
935 2725 1015 2787 quae
1038 2705 1071 2766 in
1094 2704 1135 2766 iis
1158 2703 1240 2766 haud
1255 2723 1328 2765 raro

139 2811 248 2890 latent,
274 2811 460 2875 eruditionis
484 2812 654 2898 specimina
677 2817 709 2875 et
733 2811 773 2876 oh
801 2813 945 2897 genuina,
975 2832 1054 2896 quae
1082 2811 1190 2894 plures
1220 2831 1328 2873 eorum

139 2921 178 2983 ad
203 2940 326 2983 sensum
349 2919 569 3004 inquirendum
587 2925 636 2984 sat
657 2921 737 2985 hene
768 2920 987 3004 applicuerunt
1020 2919 1174 3002 principia
1206 2917 1330 2982 herme-

140 3028 265 3092 neutica
281 3048 299 3092 a
316 3027 488 3093 Catholicis
506 3047 567 3093 uon
585 3029 651 3092 siue
668 3029 805 3094 utilitate
822 3029 1038 3109 consuluntur,
1055 3030 1207 3092 adeantur
1223 3047 1330 3092 eorum

140 3137 355 3219 expositiones
378 3138 416 3202 ah
440 3137 492 3218 iis,
519 3139 573 3220 qui
596 3139 759 3203 maturiori
777 3137 898 3220 judicio
922 3138 1055 3223 praediti
1077 3142 1173 3222 atque
1194 3138 1331 3200 inrecta

139 3246 368 3329 interpretandi
384 3247 549 3331 disciplina
565 3248 644 3311 satis
660 3245 815 3311 obfirmati
832 3252 915 3328 sunt,
931 3252 966 3310 ut
980 3265 1055 3310 vera
1071 3267 1089 3310 a
1104 3246 1193 3310 salsis
1206 3250 1237 3308 et
1249 3245 1331 3308 hona

137 3353 272 3417 ancxiis
290 3354 484 3440 distinguere
500 3355 641 3437 possint3
659 3361 691 3419 et
707 3376 768 3440 quo
786 3355 928 3419 securius
943 3355 1127 3440 procedant,
1144 3351 1327 3439 tragilitatis

137 3464 289 3527 humanae
311 3468 466 3544 perpetuo
491 3484 644 3527 memores
668 3465 706 3527 ad
723 3461 880 3548 praesidia
896 3461 1113 3542 saluberrima,
1137 3481 1215 3546 quae
1230 3460 1330 3524 iuter·

140 3571 224 3654 preti
247 3590 276 3634 s.
302 3570 487 3654 scripturae
512 3573 643 3654 provida
666 3593 703 3636 ac
734 3571 868 3658 benigna
897 3570 1070 3657 sapientiae
1102 3569 1223 3634 divinae
1255 3589 1332 3640 cura

138 3679 168 3742 in
194 3679 377 3764 Magisterio
401 3680 564 3745 Ecclesiae
587 3680 619 3744 iu
643 3680 737 3746 rebus
760 3679 836 3744 fidei
860 3687 891 3746 et
907 3701 1027 3745 morum
1044 3679 1213 3759 concessit,
1236 3685 1330 3766 grato

138 3789 240 3851 animo
264 3808 418 3871 nunquam
442 3811 505 3852 non
528 3790 701 3854 attendant.
733 3791 801 3868 Quo
825 3787 898 3871 liet,
923 3795 957 3853 ut
981 3789 1146 3873 scopulos,
1171 3809 1229 3873 per
1251 3807 1331 3874 quos

140 3898 308 3960 multorum
330 3893 410 3960 tides
435 3897 627 3984 rralufragium
651 3899 739 3980 iecit,
763 3917 886 3984 semper
908 3899 1045 3964 feliciter
1070 3899 1196 3963 evitent.

165 4039 189 4100 ¹)
210 4046 288 4102 Quam
305 4045 403 4090 ironice
422 4048 449 4090 et
465 4045 582 4104 indigne,
602 4049 630 4093 ut
646 4049 760 4107 exemplo
775 4051 891 4106 utamur,
911 4047 967 4106 ipse
985 4047 1166 4105 tisserius,
1187 4045 1331 4092 eruditione

210 4133 364 4194 philologiae
382 4138 408 4181 et
426 4136 550 4182 historica
566 4138 635 4184 inter
652 4140 825 4185 confessionis
842 4139 927 4186 socios
943 4140 984 4184 vix
999 4139 1072 4185 alteri
1088 4135 1230 4189 secundus,
1252 4134 1330 4180 com·

107 4274 110 4279 ,
212 4229 291 4272 ment.
313 4224 339 4270 in
356 4225 483 4280 Jeaaiam,
504 4227 580 4274 Parte
601 4228 633 4273 ll.
655 4229 687 4274 ad
704 4229 766 4286 (lap.
782 4227 868 4274 Lvlli.
888 4228 968 4274 5-o.
989 4229 1015 4274 ln
1034 4223 1193 4273 ceremonias
1211 4228 1238 4269 et
1253 4235 1331 4282 prae·

209 4301 286 4374 cepta
308 4315 500 4374 disciplinaris,
521 4319 558 4363 uti
578 4319 603 4363 in
628 4315 727 4376 jejunia
746 4317 881 4364 Ecclesiae
906 4318 1048 4364 catholicae
1077 4325 1188 4373 graecae
1216 4319 1243 4360 at
1269 4313 1330 4359 lati·

213 4417 261 4451 nae
282 4403 429 4453 invehiturt
454 4404 509 4452 Nae
530 4405 613 4453 minua
633 4407 678 4453 Dr.
698 4407 728 4451 ii.
746 4405 822 4464 Aug.
842 4405 978 4469 Sehott,
999 4406 1142 4454 commeat.
1162 4404 1188 4452 ta
1206 4404 1331 4464 epistolae

213 4496 246 4542 ad
265 4493 511 4541 Thessalonicenses
530 4496 602 4540 etad
618 4493 737 4550 Galatas,
758 4493 829 4551 nipe.
842 4498 920 4544 18³4.
937 4498 968 4544 ΙΙ.
982 4495 1074 4542 Thaso.
1096 4497 1133 4554 ll,
1154 4496 1179 4542 a.
1197 4507 1255 4555 pag.
1279 4496 1331 4542 tit

211 4597 268 4641 sqq.
289 4583 398 4639 partium
417 4585 527 4630 studium
548 4590 574 4630 et
594 4586 701 4629 antinum
721 4585 839 4629 hostilem
858 4586 960 4645 prodit,
989 4585 1047 4628 dnm
1068 4586 1181 4644 antiquis
1198 4586 1331 4630 calumniis

214 4674 305 4716 contra
319 4670 463 4718 Catholicae
483 4671 596 4720 recoctis
617 4671 708 4718 mirum
729 4684 780 4717 non
800 4685 860 4721 esse
881 4673 989 4728 asserit,
1009 4674 1076 4730 quod
1096 4675 1269 4732 interpretes,
1290 4676 1331 4731 qui
