<?xml version="1.0" encoding="UTF-8"?>
<!DOCTYPE html PUBLIC "-//W3C//DTD XHTML 1.0 Transitional//EN"
    "http://www.w3.org/TR/xhtml1/DTD/xhtml1-transitional.dtd">
<html xmlns="http://www.w3.org/1999/xhtml" xml:lang="en" lang="en">
 <head>
  <title>
</title>
<meta http-equiv="Content-Type" content="text/html;charset=utf-8" />
  <meta name='ocr-system' content='tesseract 3.04.00' />
  <meta name='ocr-capabilities' content='ocr_page ocr_carea ocr_par ocr_line ocrx_word'/>
</head>
<body>
  <div class='ocr_page' id='page_1' title='image "./hermeneuticabib00kohlgoog_0232.png"; bbox 0 0 3092 5286; ppageno 0'>
   <div class='ocr_carea' id='block_1_1' title="bbox 1223 391 1304 466">
    <p class='ocr_par' dir='ltr' id='par_1_1' title="bbox 1223 391 1304 466">
     <span class='ocr_line' id='line_1_1' title="bbox 1223 391 1304 466; baseline -0.025 0"><span class='ocrx_word' id='word_1_1' title='bbox 1223 391 1304 466; x_wconf 79' lang='lat'><strong>207</strong></span> 
     </span>
    </p>
   </div>
   <div class='ocr_carea' id='block_1_2' title="bbox 4 567 1307 774">
    <p class='ocr_par' dir='ltr' id='par_1_2' title="bbox 4 567 1307 774">
     <span class='ocr_line' id='line_1_2' title="bbox 117 567 1307 654; baseline -0.006 -17"><span class='ocrx_word' id='word_1_2' title='bbox 117 578 242 654; x_wconf 63' lang='lat' dir='ltr'><strong>nmen,</strong></span> <span class='ocrx_word' id='word_1_3' title='bbox 269 577 306 634; x_wconf 91' lang='lat' dir='ltr'><strong>ut</strong></span> <span class='ocrx_word' id='word_1_4' title='bbox 333 570 504 652; x_wconf 73' lang='lat' dir='ltr'><strong>periectior</strong></span> <span class='ocrx_word' id='word_1_5' title='bbox 530 567 643 654; x_wconf 75' lang='lat' dir='ltr'><strong>religio</strong></span> <span class='ocrx_word' id='word_1_6' title='bbox 672 589 689 630; x_wconf 89' lang='lat' dir='ltr'><strong>a</strong></span> <span class='ocrx_word' id='word_1_7' title='bbox 717 567 832 630; x_wconf 77' lang='lat' dir='ltr'><strong>Nescia</strong></span> <span class='ocrx_word' id='word_1_8' title='bbox 856 589 948 631; x_wconf 86' lang='lat' dir='ltr'><strong>verae</strong></span> <span class='ocrx_word' id='word_1_9' title='bbox 982 567 1143 630; x_wconf 73' lang='lat' dir='ltr'><strong>felicitatis</strong></span> <span class='ocrx_word' id='word_1_10' title='bbox 1177 572 1307 631; x_wconf 84' lang='lat' dir='ltr'><strong>auctore</strong></span> 
     </span>
     <span class='ocr_line' id='line_1_3' title="bbox 4 679 400 774; baseline -0.005 -30"><span class='ocrx_word' id='word_1_11' title='bbox 4 737 5 774; x_wconf 47' lang='lat'>3</span> <span class='ocrx_word' id='word_1_12' title='bbox 120 683 164 744; x_wconf 86' lang='lat' dir='ltr'><strong>sit</strong></span> <span class='ocrx_word' id='word_1_13' title='bbox 182 679 400 764; x_wconf 83' lang='lat' dir='ltr'><strong>exspectanda.</strong></span> 
     </span>
    </p>
   </div>
   <div class='ocr_carea' id='block_1_3' title="bbox 144 839 587 903">
    <p class='ocr_par' dir='ltr' id='par_1_3' title="bbox 144 839 587 903">
     <span class='ocr_line' id='line_1_4' title="bbox 144 839 587 903; baseline -0.014 -9"><span class='ocrx_word' id='word_1_14' title='bbox 144 839 175 903; x_wconf 70' lang='lat' dir='ltr'><strong>&#39;l</strong></span> <span class='ocrx_word' id='word_1_15' title='bbox 198 847 296 893; x_wconf 73' lang='lat' dir='ltr'><strong>(lonler</strong></span> <span class='ocrx_word' id='word_1_16' title='bbox 315 841 406 892; x_wconf 75' lang='lat' dir='ltr'><strong>natan.</strong></span> <span class='ocrx_word' id='word_1_17' title='bbox 422 845 451 900; x_wconf 86' lang='lat' dir='ltr'><strong>V,</strong></span> <span class='ocrx_word' id='word_1_18' title='bbox 475 845 587 889; x_wconf 80' lang='grc'><strong>17-19,</strong></span> 
     </span>
    </p>
   </div>
   <div class='ocr_carea' id='block_1_4' title="bbox 454 1051 973 1127">
    <p class='ocr_par' dir='ltr' id='par_1_4' title="bbox 454 1051 973 1127">
     <span class='ocr_line' id='line_1_5' title="bbox 454 1051 973 1127; baseline 0.004 -15"><span class='ocrx_word' id='word_1_19' title='bbox 454 1056 481 1124; x_wconf 86' lang='lat' dir='ltr'><strong>s.</strong></span> <span class='ocrx_word' id='word_1_20' title='bbox 498 1051 550 1112; x_wconf 75' lang='lat' dir='ltr'><strong>lta.</strong></span> <span class='ocrx_word' id='word_1_21' title='bbox 567 1053 709 1113; x_wconf 78' lang='lat' dir='ltr'><strong>tomlllum</strong></span> <span class='ocrx_word' id='word_1_22' title='bbox 726 1053 753 1112; x_wconf 91' lang='lat' dir='ltr'><strong>ll.</strong></span> <span class='ocrx_word' id='word_1_23' title='bbox 769 1053 793 1112; x_wconf 76' lang='lat' dir='ltr'><strong>l.</strong></span> <span class='ocrx_word' id='word_1_24' title='bbox 809 1053 973 1127; x_wconf 73' lang='lat' dir='ltr'><strong>ueratrum</strong></span> 
     </span>
    </p>
   </div>
   <div class='ocr_carea' id='block_1_5' title="bbox 4 1205 1305 1415">
    <p class='ocr_par' dir='ltr' id='par_1_5' title="bbox 4 1205 1305 1415">
     <span class='ocr_line' id='line_1_6' title="bbox 4 1205 1303 1316; baseline 0.002 -32"><span class='ocrx_word' id='word_1_25' title='bbox 4 1285 6 1316; x_wconf 38' lang='lat' dir='ltr'><em>r</em></span> <span class='ocrx_word' id='word_1_26' title='bbox 210 1220 335 1284; x_wconf 81' lang='lat' dir='ltr'><strong>Maximi</strong></span> <span class='ocrx_word' id='word_1_27' title='bbox 361 1219 510 1284; x_wconf 86' lang='lat' dir='ltr'><strong>momenti</strong></span> <span class='ocrx_word' id='word_1_28' title='bbox 537 1205 679 1303; x_wconf 83' lang='lat' dir='ltr'><strong>quaestio</strong></span> <span class='ocrx_word' id='word_1_29' title='bbox 707 1225 851 1284; x_wconf 86' lang='lat' dir='ltr'><strong>versatur</strong></span> <span class='ocrx_word' id='word_1_30' title='bbox 871 1219 903 1282; x_wconf 86' lang='lat' dir='ltr'><strong>in</strong></span> <span class='ocrx_word' id='word_1_31' title='bbox 925 1219 1142 1285; x_wconf 87' lang='lat' dir='ltr'><strong>constituendo</strong></span> <span class='ocrx_word' id='word_1_32' title='bbox 1171 1219 1303 1287; x_wconf 89' lang='lat' dir='ltr'><strong>consiliu</strong></span> 
     </span>
     <span class='ocr_line' id='line_1_7' title="bbox 4 1317 1305 1415; baseline 0.002 -23"><span class='ocrx_word' id='word_1_33' title='bbox 4 1317 6 1324; x_wconf 51' lang='lat'><em>&#39;</em></span> <span class='ocrx_word' id='word_1_34' title='bbox 117 1326 271 1393; x_wconf 89' lang='lat' dir='ltr'><strong>librorum</strong></span> <span class='ocrx_word' id='word_1_35' title='bbox 292 1328 366 1391; x_wconf 89' lang='lat' dir='ltr'><strong>novi</strong></span> <span class='ocrx_word' id='word_1_36' title='bbox 386 1328 556 1408; x_wconf 79' lang='lat' dir='ltr'><strong>Foederis,</strong></span> <span class='ocrx_word' id='word_1_37' title='bbox 580 1330 662 1414; x_wconf 82' lang='lat' dir='ltr'><strong>quod</strong></span> <span class='ocrx_word' id='word_1_38' title='bbox 686 1334 752 1392; x_wconf 94' lang='lat' dir='ltr'><strong>tum</strong></span> <span class='ocrx_word' id='word_1_39' title='bbox 774 1329 950 1415; x_wconf 84' lang='lat' dir='ltr'><strong>negativum</strong></span> <span class='ocrx_word' id='word_1_40' title='bbox 964 1334 1030 1392; x_wconf 90' lang='lat' dir='ltr'><strong>tum</strong></span> <span class='ocrx_word' id='word_1_41' title='bbox 1045 1330 1213 1412; x_wconf 77' lang='lat' dir='ltr'><strong>positivum</strong></span> <span class='ocrx_word' id='word_1_42' title='bbox 1229 1353 1305 1394; x_wconf 89' lang='lat' dir='ltr'><strong>eon·</strong></span> 
     </span>
    </p>
   </div>
   <div class='ocr_carea' id='block_1_6' title="bbox 4 1437 1305 1634">
    <p class='ocr_par' dir='ltr' id='par_1_6' title="bbox 4 1437 1305 1634">
     <span class='ocr_line' id='line_1_8' title="bbox 4 1437 1303 1528; baseline -0.001 -25"><span class='ocrx_word' id='word_1_43' title='bbox 4 1507 6 1528; x_wconf 34' lang='grc' dir='ltr'>ι</span> <span class='ocrx_word' id='word_1_44' title='bbox 119 1439 305 1504; x_wconf 74' lang='lat' dir='ltr'><strong>sideramus.</strong></span> <span class='ocrx_word' id='word_1_45' title='bbox 329 1438 444 1502; x_wconf 82' lang='lat' dir='ltr'><strong>Verum</strong></span> <span class='ocrx_word' id='word_1_46' title='bbox 466 1459 557 1503; x_wconf 89' lang='lat' dir='ltr'><strong>omne</strong></span> <span class='ocrx_word' id='word_1_47' title='bbox 578 1439 663 1503; x_wconf 87' lang='lat' dir='ltr'><strong>aliud</strong></span> <span class='ocrx_word' id='word_1_48' title='bbox 688 1439 851 1504; x_wconf 88' lang='lat' dir='ltr'><strong>consilium</strong></span> <span class='ocrx_word' id='word_1_49' title='bbox 873 1437 913 1503; x_wconf 93' lang='lat' dir='ltr'><strong>N.</strong></span> <span class='ocrx_word' id='word_1_50' title='bbox 929 1439 965 1501; x_wconf 75' lang='lat' dir='ltr'><strong>ll.</strong></span> <span class='ocrx_word' id='word_1_51' title='bbox 982 1457 1053 1503; x_wconf 92' lang='lat' dir='ltr'><strong>csse</strong></span> <span class='ocrx_word' id='word_1_52' title='bbox 1070 1440 1303 1520; x_wconf 86' lang='lat' dir='ltr'><strong>excludendum,</strong></span> 
     </span>
     <span class='ocr_line' id='line_1_9' title="bbox 4 1537 1305 1634; baseline 0.003 -24"><span class='ocrx_word' id='word_1_53' title='bbox 4 1537 6 1544; x_wconf 62' lang='grc'>’</span> <span class='ocrx_word' id='word_1_54' title='bbox 120 1567 212 1632; x_wconf 82' lang='lat' dir='ltr'><strong>quam</strong></span> <span class='ocrx_word' id='word_1_55' title='bbox 239 1549 323 1631; x_wconf 87' lang='lat' dir='ltr'><strong>quod</strong></span> <span class='ocrx_word' id='word_1_56' title='bbox 350 1549 390 1610; x_wconf 86' lang='lat' dir='ltr'><strong>ad</strong></span> <span class='ocrx_word' id='word_1_57' title='bbox 411 1547 596 1633; x_wconf 83' lang='lat' dir='ltr'><strong>religionem</strong></span> <span class='ocrx_word' id='word_1_58' title='bbox 623 1553 756 1632; x_wconf 90' lang='lat' dir='ltr'><strong>spectat,</strong></span> <span class='ocrx_word' id='word_1_59' title='bbox 777 1546 1024 1634; x_wconf 80' lang='lat' dir='ltr'><strong>jam(§.1ae.)</strong></span> <span class='ocrx_word' id='word_1_60' title='bbox 1052 1554 1248 1634; x_wconf 87' lang='lat' dir='ltr'><strong>annotatum,</strong></span> <span class='ocrx_word' id='word_1_61' title='bbox 1274 1556 1305 1615; x_wconf 91' lang='lat' dir='ltr'><strong>et</strong></span> 
     </span>
    </p>
   </div>
   <div class='ocr_carea' id='block_1_7' title="bbox 117 1653 1394 4448">
    <p class='ocr_par' dir='ltr' id='par_1_7' title="bbox 121 1653 1026 1740">
     <span class='ocr_line' id='line_1_10' title="bbox 121 1653 1026 1740; baseline 0.001 -24"><span class='ocrx_word' id='word_1_62' title='bbox 121 1655 239 1720; x_wconf 84' lang='lat' dir='ltr'><strong>ueritas</strong></span> <span class='ocrx_word' id='word_1_63' title='bbox 257 1653 350 1736; x_wconf 89' lang='lat' dir='ltr'><strong>hujus</strong></span> <span class='ocrx_word' id='word_1_64' title='bbox 365 1654 412 1717; x_wconf 90' lang='lat' dir='ltr'><strong>rei</strong></span> <span class='ocrx_word' id='word_1_65' title='bbox 428 1655 550 1720; x_wconf 81' lang='lat' dir='ltr'><strong>aliunde</strong></span> <span class='ocrx_word' id='word_1_66' title='bbox 566 1657 606 1720; x_wconf 86' lang='lat' dir='ltr'><strong>ad</strong></span> <span class='ocrx_word' id='word_1_67' title='bbox 621 1655 772 1740; x_wconf 84' lang='lat' dir='ltr'><strong>liquidum</strong></span> <span class='ocrx_word' id='word_1_68' title='bbox 789 1655 950 1738; x_wconf 81' lang='lat' dir='ltr'><strong>explorata</strong></span> <span class='ocrx_word' id='word_1_69' title='bbox 966 1659 1026 1720; x_wconf 87' lang='lat' dir='ltr'><strong>est.</strong></span> 
     </span>
    </p>

    <p class='ocr_par' dir='ltr' id='par_1_8' title="bbox 121 1762 1305 2064">
     <span class='ocr_line' id='line_1_11' title="bbox 214 1762 1305 1848; baseline 0.001 -21"><span class='ocrx_word' id='word_1_70' title='bbox 214 1762 348 1827; x_wconf 79' lang='lat' dir='ltr'><strong>Gravior</strong></span> <span class='ocrx_word' id='word_1_71' title='bbox 364 1763 507 1848; x_wconf 81' lang='lat' dir='ltr'><strong>quaestio</strong></span> <span class='ocrx_word' id='word_1_72' title='bbox 523 1763 555 1827; x_wconf 93' lang='lat' dir='ltr'><strong>in</strong></span> <span class='ocrx_word' id='word_1_73' title='bbox 571 1783 608 1828; x_wconf 91' lang='lat' dir='ltr'><strong>eo</strong></span> <span class='ocrx_word' id='word_1_74' title='bbox 626 1767 685 1843; x_wconf 90' lang='lat' dir='ltr'><strong>cst,</strong></span> <span class='ocrx_word' id='word_1_75' title='bbox 702 1784 774 1827; x_wconf 91' lang='lat' dir='ltr'><strong>num</strong></span> <span class='ocrx_word' id='word_1_76' title='bbox 790 1763 830 1827; x_wconf 88' lang='lat' dir='ltr'><strong>N.</strong></span> <span class='ocrx_word' id='word_1_77' title='bbox 847 1763 882 1826; x_wconf 78' lang='lat' dir='ltr'><strong>N.</strong></span> <span class='ocrx_word' id='word_1_78' title='bbox 900 1783 1001 1843; x_wconf 89' lang='lat' dir='ltr'><strong>omne,</strong></span> <span class='ocrx_word' id='word_1_79' title='bbox 1022 1765 1104 1848; x_wconf 88' lang='lat' dir='ltr'><strong>quod</strong></span> <span class='ocrx_word' id='word_1_80' title='bbox 1120 1765 1305 1828; x_wconf 86' lang='lat' dir='ltr'><strong>credendum</strong></span> 
     </span>
     <span class='ocr_line' id='line_1_12' title="bbox 121 1871 1305 1958; baseline 0 -22"><span class='ocrx_word' id='word_1_81' title='bbox 121 1877 154 1936; x_wconf 81' lang='lat' dir='ltr'><strong>et</strong></span> <span class='ocrx_word' id='word_1_82' title='bbox 175 1873 369 1958; x_wconf 77' lang='lat' dir='ltr'><strong>agendumst</strong></span> <span class='ocrx_word' id='word_1_83' title='bbox 392 1871 482 1936; x_wconf 89' lang='lat' dir='ltr'><strong>nobis</strong></span> <span class='ocrx_word' id='word_1_84' title='bbox 505 1871 586 1954; x_wconf 86' lang='lat' dir='ltr'><strong>petit</strong></span> <span class='ocrx_word' id='word_1_85' title='bbox 601 1872 702 1950; x_wconf 83' lang='lat' dir='ltr'><strong>Deus,</strong></span> <span class='ocrx_word' id='word_1_86' title='bbox 727 1871 902 1954; x_wconf 87' lang='lat' dir='ltr'><strong>contineat,</strong></span> <span class='ocrx_word' id='word_1_87' title='bbox 925 1871 957 1934; x_wconf 89' lang='lat' dir='ltr'><strong>id</strong></span> <span class='ocrx_word' id='word_1_88' title='bbox 981 1873 1063 1954; x_wconf 87' lang='lat' dir='ltr'><strong>quod</strong></span> <span class='ocrx_word' id='word_1_89' title='bbox 1085 1873 1305 1936; x_wconf 88' lang='lat' dir='ltr'><strong>Protestantcs</strong></span> 
     </span>
     <span class='ocr_line' id='line_1_13' title="bbox 121 1978 1136 2064; baseline -0.004 -20"><span class='ocrx_word' id='word_1_90' title='bbox 121 1978 293 2059; x_wconf 77' lang='lat' dir='ltr'><strong>affirmant,</strong></span> <span class='ocrx_word' id='word_1_91' title='bbox 316 1998 375 2043; x_wconf 88' lang='lat' dir='ltr'><strong>nos</strong></span> <span class='ocrx_word' id='word_1_92' title='bbox 390 1985 494 2046; x_wconf 87' lang='lat' dir='ltr'><strong>autem</strong></span> <span class='ocrx_word' id='word_1_93' title='bbox 510 2001 547 2044; x_wconf 86' lang='lat' dir='ltr'><strong>ex</strong></span> <span class='ocrx_word' id='word_1_94' title='bbox 563 1979 764 2063; x_wconf 81' lang='lat' dir='ltr'><strong>sequentibus</strong></span> <span class='ocrx_word' id='word_1_95' title='bbox 780 1979 955 2042; x_wconf 90' lang='lat' dir='ltr'><strong>rationibus</strong></span> <span class='ocrx_word' id='word_1_96' title='bbox 970 1999 1136 2064; x_wconf 76' lang='lat' dir='ltr'><strong>negamuss</strong></span> 
     </span>
    </p>

    <p class='ocr_par' dir='ltr' id='par_1_9' title="bbox 120 2085 1306 2611">
     <span class='ocr_line' id='line_1_14' title="bbox 211 2085 1305 2172; baseline -0.001 -18"><span class='ocrx_word' id='word_1_97' title='bbox 211 2092 243 2154; x_wconf 89' lang='lat'><strong>1.</strong></span> <span class='ocrx_word' id='word_1_98' title='bbox 266 2087 333 2152; x_wconf 91' lang='lat' dir='ltr'><strong>Nec</strong></span> <span class='ocrx_word' id='word_1_99' title='bbox 356 2087 457 2172; x_wconf 89' lang='lat' dir='ltr'><strong>ipsius</strong></span> <span class='ocrx_word' id='word_1_100' title='bbox 491 2107 516 2151; x_wconf 88' lang='lat' dir='ltr'><strong>s.</strong></span> <span class='ocrx_word' id='word_1_101' title='bbox 545 2087 731 2170; x_wconf 79' lang='lat' dir='ltr'><strong>Scripturas</strong></span> <span class='ocrx_word' id='word_1_102' title='bbox 757 2107 816 2151; x_wconf 88' lang='lat' dir='ltr'><strong>nec</strong></span> <span class='ocrx_word' id='word_1_103' title='bbox 843 2085 975 2150; x_wconf 89' lang='lat' dir='ltr'><strong>aliorum</strong></span> <span class='ocrx_word' id='word_1_104' title='bbox 1000 2087 1179 2152; x_wconf 88' lang='lat' dir='ltr'><strong>authentica</strong></span> <span class='ocrx_word' id='word_1_105' title='bbox 1204 2095 1305 2154; x_wconf 83' lang='lat' dir='ltr'><strong>exstat</strong></span> 
     </span>
     <span class='ocr_line' id='line_1_15' title="bbox 122 2195 1306 2279; baseline 0 -18"><span class='ocrx_word' id='word_1_106' title='bbox 122 2196 311 2276; x_wconf 81' lang='lat' dir='ltr'><strong>declaratio,</strong></span> <span class='ocrx_word' id='word_1_107' title='bbox 336 2217 426 2261; x_wconf 91' lang='lat' dir='ltr'><strong>omne</strong></span> <span class='ocrx_word' id='word_1_108' title='bbox 447 2196 612 2260; x_wconf 86' lang='lat' dir='ltr'><strong>doctrinae</strong></span> <span class='ocrx_word' id='word_1_109' title='bbox 633 2195 821 2260; x_wconf 86' lang='lat' dir='ltr'><strong>christianae</strong></span> <span class='ocrx_word' id='word_1_110' title='bbox 837 2215 952 2279; x_wconf 83' lang='lat' dir='ltr'><strong>corpas</strong></span> <span class='ocrx_word' id='word_1_111' title='bbox 967 2195 999 2258; x_wconf 92' lang='lat' dir='ltr'><strong>in</strong></span> <span class='ocrx_word' id='word_1_112' title='bbox 1014 2195 1106 2260; x_wconf 91' lang='lat' dir='ltr'><strong>libris</strong></span> <span class='ocrx_word' id='word_1_113' title='bbox 1125 2195 1165 2260; x_wconf 91' lang='lat' dir='ltr'><strong>N.</strong></span> <span class='ocrx_word' id='word_1_114' title='bbox 1183 2197 1217 2259; x_wconf 75' lang='lat' dir='ltr'><strong>N.</strong></span> <span class='ocrx_word' id='word_1_115' title='bbox 1235 2217 1306 2262; x_wconf 89' lang='lat' dir='ltr'><strong>esse</strong></span> 
     </span>
     <span class='ocr_line' id='line_1_16' title="bbox 124 2303 1305 2390; baseline -0.003 -19"><span class='ocrx_word' id='word_1_116' title='bbox 124 2313 321 2386; x_wconf 68' lang='lat' dir='ltr'><strong>contentum,</strong></span> <span class='ocrx_word' id='word_1_117' title='bbox 344 2305 450 2390; x_wconf 91' lang='lat' dir='ltr'><strong>potius</strong></span> <span class='ocrx_word' id='word_1_118' title='bbox 466 2305 538 2368; x_wconf 90' lang='lat' dir='ltr'><strong>inde</strong></span> <span class='ocrx_word' id='word_1_119' title='bbox 554 2325 573 2367; x_wconf 88' lang='lat' dir='ltr'><strong>a</strong></span> <span class='ocrx_word' id='word_1_120' title='bbox 587 2304 697 2388; x_wconf 90' lang='lat' dir='ltr'><strong>primis</strong></span> <span class='ocrx_word' id='word_1_121' title='bbox 711 2303 872 2368; x_wconf 74' lang='lat' dir='ltr'><strong>Ecclesiae</strong></span> <span class='ocrx_word' id='word_1_122' title='bbox 888 2308 1016 2368; x_wconf 88' lang='lat' dir='ltr'><strong>nostrae</strong></span> <span class='ocrx_word' id='word_1_123' title='bbox 1031 2305 1225 2390; x_wconf 76' lang='lat' dir='ltr'><strong>temporibus</strong></span> <span class='ocrx_word' id='word_1_124' title='bbox 1237 2311 1305 2371; x_wconf 92' lang='lat' dir='ltr'><strong>tum</strong></span> 
     </span>
     <span class='ocr_line' id='line_1_17' title="bbox 120 2413 1305 2501; baseline -0.003 -18"><span class='ocrx_word' id='word_1_125' title='bbox 120 2439 151 2483; x_wconf 86' lang='lat' dir='ltr'><strong>s.</strong></span> <span class='ocrx_word' id='word_1_126' title='bbox 172 2417 357 2499; x_wconf 75' lang='lat' dir='ltr'><strong>Scriptura</strong></span> <span class='ocrx_word' id='word_1_127' title='bbox 378 2419 444 2477; x_wconf 84' lang='lat' dir='ltr'><strong>tuan</strong></span> <span class='ocrx_word' id='word_1_128' title='bbox 467 2415 605 2479; x_wconf 83' lang='lat' dir='ltr'><strong>traditio</strong></span> <span class='ocrx_word' id='word_1_129' title='bbox 632 2433 694 2498; x_wconf 85' lang='lat' dir='ltr'><strong>qua</strong></span> <span class='ocrx_word' id='word_1_130' title='bbox 718 2413 824 2478; x_wconf 85' lang='lat' dir='ltr'><strong>tontes</strong></span> <span class='ocrx_word' id='word_1_131' title='bbox 852 2413 1111 2500; x_wconf 74' lang='lat' dir='ltr'><strong>designabantur,</strong></span> <span class='ocrx_word' id='word_1_132' title='bbox 1148 2435 1166 2480; x_wconf 93' lang='lat' dir='ltr'><strong>e</strong></span> <span class='ocrx_word' id='word_1_133' title='bbox 1193 2416 1305 2501; x_wconf 84' lang='lat' dir='ltr'><strong>quibus</strong></span> 
     </span>
     <span class='ocr_line' id='line_1_18' title="bbox 121 2520 950 2611; baseline -0.005 -20"><span class='ocrx_word' id='word_1_134' title='bbox 121 2545 269 2591; x_wconf 80' lang='lat' dir='ltr'><strong>summam</strong></span> <span class='ocrx_word' id='word_1_135' title='bbox 284 2523 447 2589; x_wconf 87' lang='lat' dir='ltr'><strong>doctrinae</strong></span> <span class='ocrx_word' id='word_1_136' title='bbox 462 2527 591 2587; x_wconf 91' lang='lat' dir='ltr'><strong>nostrae</strong></span> <span class='ocrx_word' id='word_1_137' title='bbox 606 2523 733 2587; x_wconf 84' lang='lat' dir='ltr'><strong>haurire</strong></span> <span class='ocrx_word' id='word_1_138' title='bbox 750 2528 896 2608; x_wconf 90' lang='lat' dir='ltr'><strong>oporteat</strong></span> <span class='ocrx_word' id='word_1_139' title='bbox 908 2520 950 2611; x_wconf 84' lang='lat'><strong>¹).</strong></span> 
     </span>
    </p>

    <p class='ocr_par' dir='ltr' id='par_1_10' title="bbox 118 2631 1306 3260">
     <span class='ocr_line' id='line_1_19' title="bbox 210 2631 1304 2717; baseline 0 -21"><span class='ocrx_word' id='word_1_140' title='bbox 210 2635 242 2696; x_wconf 74' lang='lat'><strong>2.</strong></span> <span class='ocrx_word' id='word_1_141' title='bbox 267 2635 357 2714; x_wconf 87' lang='lat' dir='ltr'><strong>lpsae</strong></span> <span class='ocrx_word' id='word_1_142' title='bbox 380 2631 512 2717; x_wconf 78' lang='lat' dir='ltr'><strong>originis</strong></span> <span class='ocrx_word' id='word_1_143' title='bbox 532 2651 560 2696; x_wconf 93' lang='lat' dir='ltr'><strong>s.</strong></span> <span class='ocrx_word' id='word_1_144' title='bbox 583 2631 766 2714; x_wconf 77' lang='lat' dir='ltr'><strong>scripturae</strong></span> <span class='ocrx_word' id='word_1_145' title='bbox 787 2631 827 2696; x_wconf 90' lang='lat' dir='ltr'><strong>N.</strong></span> <span class='ocrx_word' id='word_1_146' title='bbox 846 2632 881 2694; x_wconf 76' lang='lat' dir='ltr'><strong>p,</strong></span> <span class='ocrx_word' id='word_1_147' title='bbox 898 2632 1152 2697; x_wconf 84' lang='lat' dir='ltr'><strong>circumstantiae</strong></span> <span class='ocrx_word' id='word_1_148' title='bbox 1172 2633 1304 2696; x_wconf 84' lang='lat' dir='ltr'><strong>Protes-</strong></span> 
     </span>
     <span class='ocr_line' id='line_1_20' title="bbox 119 2739 1304 2826; baseline -0.003 -21"><span class='ocrx_word' id='word_1_149' title='bbox 119 2741 252 2805; x_wconf 89' lang='lat' dir='ltr'><strong>tantium</strong></span> <span class='ocrx_word' id='word_1_150' title='bbox 275 2741 414 2825; x_wconf 92' lang='lat' dir='ltr'><strong>opinioni</strong></span> <span class='ocrx_word' id='word_1_151' title='bbox 439 2745 624 2826; x_wconf 77' lang='lat' dir='ltr'><strong>repugnant.</strong></span> <span class='ocrx_word' id='word_1_152' title='bbox 661 2739 775 2804; x_wconf 85' lang='lat' dir='ltr'><strong>Omnes</strong></span> <span class='ocrx_word' id='word_1_153' title='bbox 798 2741 878 2804; x_wconf 91' lang='lat' dir='ltr'><strong>enim</strong></span> <span class='ocrx_word' id='word_1_154' title='bbox 904 2740 945 2804; x_wconf 90' lang='lat' dir='ltr'><strong>N.</strong></span> <span class='ocrx_word' id='word_1_155' title='bbox 961 2740 997 2803; x_wconf 81' lang='lat' dir='ltr'><strong>F.</strong></span> <span class='ocrx_word' id='word_1_156' title='bbox 1024 2740 1115 2821; x_wconf 91' lang='lat' dir='ltr'><strong>libri,</strong></span> <span class='ocrx_word' id='word_1_157' title='bbox 1139 2745 1174 2803; x_wconf 90' lang='lat' dir='ltr'><strong>nt</strong></span> <span class='ocrx_word' id='word_1_158' title='bbox 1199 2741 1304 2803; x_wconf 88' lang='lat' dir='ltr'><strong>lutro-</strong></span> 
     </span>
     <span class='ocr_line' id='line_1_21' title="bbox 120 2847 1306 2936; baseline -0.003 -22"><span class='ocrx_word' id='word_1_159' title='bbox 120 2848 231 2914; x_wconf 91' lang='lat' dir='ltr'><strong>ductiu</strong></span> <span class='ocrx_word' id='word_1_160' title='bbox 247 2847 394 2932; x_wconf 89' lang='lat' dir='ltr'><strong>specialis</strong></span> <span class='ocrx_word' id='word_1_161' title='bbox 404 2847 445 2912; x_wconf 91' lang='lat' dir='ltr'><strong>N.</strong></span> <span class='ocrx_word' id='word_1_162' title='bbox 458 2849 494 2911; x_wconf 78' lang='lat' dir='ltr'><strong>F.</strong></span> <span class='ocrx_word' id='word_1_163' title='bbox 507 2850 611 2928; x_wconf 85' lang='lat' dir='ltr'><strong>docet,</strong></span> <span class='ocrx_word' id='word_1_164' title='bbox 628 2847 733 2912; x_wconf 87' lang='lat' dir='ltr'><strong>oblata</strong></span> <span class='ocrx_word' id='word_1_165' title='bbox 750 2849 901 2936; x_wconf 74' lang='lat' dir='ltr'><strong>singulari</strong></span> <span class='ocrx_word' id='word_1_166' title='bbox 919 2849 1084 2914; x_wconf 87' lang='lat' dir='ltr'><strong>occasione</strong></span> <span class='ocrx_word' id='word_1_167' title='bbox 1102 2849 1306 2912; x_wconf 84' lang='lat' dir='ltr'><strong>exarabantur</strong></span> 
     </span>
     <span class='ocr_line' id='line_1_22' title="bbox 119 2957 1306 3044; baseline -0.003 -22"><span class='ocrx_word' id='word_1_168' title='bbox 119 2959 237 3042; x_wconf 84' lang='lat' dir='ltr'><strong>absque</strong></span> <span class='ocrx_word' id='word_1_169' title='bbox 264 2957 398 3021; x_wconf 91' lang='lat' dir='ltr'><strong>consilio</strong></span> <span class='ocrx_word' id='word_1_170' title='bbox 430 2957 605 3021; x_wconf 84' lang='lat' dir='ltr'><strong>doctrinam</strong></span> <span class='ocrx_word' id='word_1_171' title='bbox 638 2957 714 3021; x_wconf 83' lang='lat' dir='ltr'><strong>lesu</strong></span> <span class='ocrx_word' id='word_1_172' title='bbox 744 2958 899 3044; x_wconf 85' lang='lat' dir='ltr'><strong>integram</strong></span> <span class='ocrx_word' id='word_1_173' title='bbox 931 2959 977 3022; x_wconf 93' lang='lat' dir='ltr'><strong>eis</strong></span> <span class='ocrx_word' id='word_1_174' title='bbox 1009 2957 1237 3040; x_wconf 87' lang='lat' dir='ltr'><strong>committendi,</strong></span> <span class='ocrx_word' id='word_1_175' title='bbox 1273 2962 1306 3019; x_wconf 88' lang='lat' dir='ltr'><strong>et</strong></span> 
     </span>
     <span class='ocr_line' id='line_1_23' title="bbox 118 3065 1305 3152; baseline -0.003 -22"><span class='ocrx_word' id='word_1_176' title='bbox 118 3065 293 3131; x_wconf 81' lang='lat' dir='ltr'><strong>lectoribus</strong></span> <span class='ocrx_word' id='word_1_177' title='bbox 315 3067 635 3149; x_wconf 74' lang='lat' dir='ltr'><strong>communicabantur,</strong></span> <span class='ocrx_word' id='word_1_178' title='bbox 666 3067 778 3150; x_wconf 86' lang='lat' dir='ltr'><strong>quibus</strong></span> <span class='ocrx_word' id='word_1_179' title='bbox 806 3067 993 3150; x_wconf 85' lang='lat' dir='ltr'><strong>praecipuae</strong></span> <span class='ocrx_word' id='word_1_180' title='bbox 1013 3067 1178 3152; x_wconf 74' lang='lat' dir='ltr'><strong>religionis</strong></span> <span class='ocrx_word' id='word_1_181' title='bbox 1202 3065 1305 3128; x_wconf 86' lang='lat' dir='ltr'><strong>cbris-</strong></span> 
     </span>
     <span class='ocr_line' id='line_1_24' title="bbox 118 3171 1243 3260; baseline -0.005 -19"><span class='ocrx_word' id='word_1_182' title='bbox 118 3177 222 3240; x_wconf 87' lang='lat' dir='ltr'><strong>tianae</strong></span> <span class='ocrx_word' id='word_1_183' title='bbox 238 3175 389 3238; x_wconf 86' lang='lat' dir='ltr'><strong>veritates</strong></span> <span class='ocrx_word' id='word_1_184' title='bbox 405 3175 530 3260; x_wconf 88' lang='lat' dir='ltr'><strong>praevie</strong></span> <span class='ocrx_word' id='word_1_185' title='bbox 541 3173 607 3257; x_wconf 90' lang='lat' dir='ltr'><strong>jam</strong></span> <span class='ocrx_word' id='word_1_186' title='bbox 625 3197 662 3238; x_wconf 85' lang='lat' dir='ltr'><strong>ex</strong></span> <span class='ocrx_word' id='word_1_187' title='bbox 678 3175 758 3238; x_wconf 88' lang='lat' dir='ltr'><strong>orali</strong></span> <span class='ocrx_word' id='word_1_188' title='bbox 773 3175 970 3238; x_wconf 89' lang='lat' dir='ltr'><strong>institutione</strong></span> <span class='ocrx_word' id='word_1_189' title='bbox 986 3175 1188 3238; x_wconf 85' lang='lat' dir='ltr'><strong>innotuerant</strong></span> <span class='ocrx_word' id='word_1_190' title='bbox 1200 3171 1243 3260; x_wconf 74' lang='lat'><strong>²).</strong></span> 
     </span>
    </p>

    <p class='ocr_par' dir='ltr' id='par_1_11' title="bbox 118 3281 1306 4016">
     <span class='ocr_line' id='line_1_25' title="bbox 213 3281 1303 3368; baseline -0.003 -22"><span class='ocrx_word' id='word_1_191' title='bbox 213 3283 244 3346; x_wconf 83' lang='lat'><strong>3.</strong></span> <span class='ocrx_word' id='word_1_192' title='bbox 267 3283 381 3346; x_wconf 82' lang='lat' dir='ltr'><strong>Forma</strong></span> <span class='ocrx_word' id='word_1_193' title='bbox 401 3303 498 3367; x_wconf 91' lang='lat' dir='ltr'><strong>porro</strong></span> <span class='ocrx_word' id='word_1_194' title='bbox 523 3281 675 3348; x_wconf 90' lang='lat' dir='ltr'><strong>librorum</strong></span> <span class='ocrx_word' id='word_1_195' title='bbox 698 3283 738 3346; x_wconf 88' lang='lat' dir='ltr'><strong>N.</strong></span> <span class='ocrx_word' id='word_1_196' title='bbox 763 3283 797 3346; x_wconf 85' lang='lat' dir='ltr'><strong>F.</strong></span> <span class='ocrx_word' id='word_1_197' title='bbox 821 3283 984 3368; x_wconf 86' lang='lat' dir='ltr'><strong>systemati</strong></span> <span class='ocrx_word' id='word_1_198' title='bbox 1006 3288 1060 3346; x_wconf 90' lang='lat' dir='ltr'><strong>aut</strong></span> <span class='ocrx_word' id='word_1_199' title='bbox 1081 3281 1210 3364; x_wconf 88' lang='lat' dir='ltr'><strong>corpori</strong></span> <span class='ocrx_word' id='word_1_200' title='bbox 1226 3281 1303 3344; x_wconf 91' lang='lat' dir='ltr'><strong>doc-</strong></span> 
     </span>
     <span class='ocr_line' id='line_1_26' title="bbox 118 3390 1302 3475; baseline -0.002 -19"><span class='ocrx_word' id='word_1_201' title='bbox 118 3390 220 3456; x_wconf 85' lang='lat' dir='ltr'><strong>trinae</strong></span> <span class='ocrx_word' id='word_1_202' title='bbox 247 3411 308 3456; x_wconf 91' lang='lat' dir='ltr'><strong>non</strong></span> <span class='ocrx_word' id='word_1_203' title='bbox 336 3391 492 3454; x_wconf 86' lang='lat' dir='ltr'><strong>convenit.</strong></span> <span class='ocrx_word' id='word_1_204' title='bbox 527 3390 606 3457; x_wconf 90' lang='lat' dir='ltr'><strong>Nam</strong></span> <span class='ocrx_word' id='word_1_205' title='bbox 629 3397 777 3475; x_wconf 87' lang='lat' dir='ltr'><strong>quantum</strong></span> <span class='ocrx_word' id='word_1_206' title='bbox 804 3392 841 3454; x_wconf 89' lang='lat' dir='ltr'><strong>ab</strong></span> <span class='ocrx_word' id='word_1_207' title='bbox 866 3391 916 3456; x_wconf 89' lang='lat' dir='ltr'><strong>bis</strong></span> <span class='ocrx_word' id='word_1_208' title='bbox 943 3391 1033 3456; x_wconf 90' lang='lat' dir='ltr'><strong>libris</strong></span> <span class='ocrx_word' id='word_1_209' title='bbox 1060 3390 1178 3454; x_wconf 87' lang='lat' dir='ltr'><strong>distant</strong></span> <span class='ocrx_word' id='word_1_210' title='bbox 1195 3410 1302 3474; x_wconf 88' lang='lat' dir='ltr'><strong>opera,</strong></span> 
     </span>
     <span class='ocr_line' id='line_1_27' title="bbox 122 3496 1303 3584; baseline -0.002 -22"><span class='ocrx_word' id='word_1_211' title='bbox 122 3519 202 3581; x_wconf 81' lang='lat' dir='ltr'><strong>quac</strong></span> <span class='ocrx_word' id='word_1_212' title='bbox 228 3497 381 3584; x_wconf 75' lang='lat' dir='ltr'><strong>integram</strong></span> <span class='ocrx_word' id='word_1_213' title='bbox 405 3499 612 3582; x_wconf 83' lang='lat' dir='ltr'><strong>dogmaticam</strong></span> <span class='ocrx_word' id='word_1_214' title='bbox 637 3505 691 3564; x_wconf 90' lang='lat' dir='ltr'><strong>aut</strong></span> <span class='ocrx_word' id='word_1_215' title='bbox 725 3496 875 3562; x_wconf 88' lang='lat' dir='ltr'><strong>moralem</strong></span> <span class='ocrx_word' id='word_1_216' title='bbox 897 3499 1090 3582; x_wconf 90' lang='lat' dir='ltr'><strong>disciplinam</strong></span> <span class='ocrx_word' id='word_1_217' title='bbox 1115 3501 1303 3582; x_wconf 85' lang='lat' dir='ltr'><strong>exponunt‘l</strong></span> 
     </span>
     <span class='ocr_line' id='line_1_28' title="bbox 124 3607 1306 3693; baseline -0.001 -21"><span class='ocrx_word' id='word_1_218' title='bbox 124 3608 238 3691; x_wconf 83' lang='lat' dir='ltr'><strong>Stylus</strong></span> <span class='ocrx_word' id='word_1_219' title='bbox 253 3607 293 3669; x_wconf 84' lang='lat' dir='ltr'><strong>ad</strong></span> <span class='ocrx_word' id='word_1_220' title='bbox 309 3607 445 3693; x_wconf 81' lang='lat' dir='ltr'><strong>rigorem</strong></span> <span class='ocrx_word' id='word_1_221' title='bbox 461 3607 589 3672; x_wconf 82' lang='lat' dir='ltr'><strong>scholae</strong></span> <span class='ocrx_word' id='word_1_222' title='bbox 611 3627 744 3691; x_wconf 88' lang='lat' dir='ltr'><strong>prorsus</strong></span> <span class='ocrx_word' id='word_1_223' title='bbox 759 3629 821 3670; x_wconf 85' lang='lat' dir='ltr'><strong>aon</strong></span> <span class='ocrx_word' id='word_1_224' title='bbox 837 3607 1049 3690; x_wconf 84' lang='lat' dir='ltr'><strong>compositus,</strong></span> <span class='ocrx_word' id='word_1_225' title='bbox 1073 3609 1306 3671; x_wconf 88' lang='lat' dir='ltr'><strong>accomodatio-</strong></span> 
     </span>
     <span class='ocr_line' id='line_1_29' title="bbox 119 3709 1304 3802; baseline 0.002 -24"><span class='ocrx_word' id='word_1_226' title='bbox 119 3735 177 3778; x_wconf 90' lang='lat' dir='ltr'><strong>ne</strong></span> <span class='ocrx_word' id='word_1_227' title='bbox 188 3709 233 3802; x_wconf 86' lang='lat'><strong>⁸),</strong></span> <span class='ocrx_word' id='word_1_228' title='bbox 256 3714 463 3796; x_wconf 86' lang='lat' dir='ltr'><strong>repetitiones</strong></span> <span class='ocrx_word' id='word_1_229' title='bbox 488 3718 521 3776; x_wconf 90' lang='lat' dir='ltr'><strong>et</strong></span> <span class='ocrx_word' id='word_1_230' title='bbox 547 3715 609 3778; x_wconf 89' lang='lat' dir='ltr'><strong>alia</strong></span> <span class='ocrx_word' id='word_1_231' title='bbox 636 3714 806 3798; x_wconf 79' lang='lat' dir='ltr'><strong>ejusmodi,</strong></span> <span class='ocrx_word' id='word_1_232' title='bbox 831 3716 914 3800; x_wconf 86' lang='lat' dir='ltr'><strong>quod</strong></span> <span class='ocrx_word' id='word_1_233' title='bbox 940 3714 987 3778; x_wconf 92' lang='lat' dir='ltr'><strong>illi</strong></span> <span class='ocrx_word' id='word_1_234' title='bbox 1010 3714 1142 3798; x_wconf 88' lang='lat' dir='ltr'><strong>jactant,</strong></span> <span class='ocrx_word' id='word_1_235' title='bbox 1172 3715 1304 3780; x_wconf 91' lang='lat' dir='ltr'><strong>consilio</strong></span> 
     </span>
     <span class='ocr_line' id='line_1_30' title="bbox 118 3821 1302 3906; baseline 0.001 -20"><span class='ocrx_word' id='word_1_236' title='bbox 118 3825 337 3906; x_wconf 85' lang='lat' dir='ltr'><strong>adversantur,</strong></span> <span class='ocrx_word' id='word_1_237' title='bbox 373 3844 431 3886; x_wconf 89' lang='lat' dir='ltr'><strong>nec</strong></span> <span class='ocrx_word' id='word_1_238' title='bbox 460 3823 499 3886; x_wconf 89' lang='lat' dir='ltr'><strong>ad</strong></span> <span class='ocrx_word' id='word_1_239' title='bbox 525 3821 650 3886; x_wconf 85' lang='lat' dir='ltr'><strong>illorum</strong></span> <span class='ocrx_word' id='word_1_240' title='bbox 679 3825 863 3888; x_wconf 91' lang='lat' dir='ltr'><strong>sententiam</strong></span> <span class='ocrx_word' id='word_1_241' title='bbox 883 3823 1024 3887; x_wconf 88' lang='lat' dir='ltr'><strong>lectores</strong></span> <span class='ocrx_word' id='word_1_242' title='bbox 1040 3823 1194 3888; x_wconf 87' lang='lat' dir='ltr'><strong>adducere</strong></span> <span class='ocrx_word' id='word_1_243' title='bbox 1209 3821 1302 3887; x_wconf 80' lang='lat' dir='ltr'><strong>facilc</strong></span> 
     </span>
     <span class='ocr_line' id='line_1_31' title="bbox 118 3937 261 4016; baseline -0.014 -21"><span class='ocrx_word' id='word_1_244' title='bbox 118 3937 261 4016; x_wconf 89' lang='lat' dir='ltr'><strong>possunt.</strong></span> 
     </span>
    </p>

    <p class='ocr_par' dir='ltr' id='par_1_12' title="bbox 117 4040 1394 4448">
     <span class='ocr_line' id='line_1_32' title="bbox 210 4040 1303 4128; baseline -0.002 -22"><span class='ocrx_word' id='word_1_245' title='bbox 210 4043 240 4106; x_wconf 73' lang='lat' dir='ltr'><strong>is.</strong></span> <span class='ocrx_word' id='word_1_246' title='bbox 264 4040 409 4124; x_wconf 89' lang='lat' dir='ltr'><strong>Inprimis</strong></span> <span class='ocrx_word' id='word_1_247' title='bbox 425 4061 500 4107; x_wconf 82' lang='lat' dir='ltr'><strong>sero</strong></span> <span class='ocrx_word' id='word_1_248' title='bbox 515 4042 645 4106; x_wconf 87' lang='lat' dir='ltr'><strong>materia</strong></span> <span class='ocrx_word' id='word_1_249' title='bbox 661 4051 788 4106; x_wconf 90' lang='lat' dir='ltr'><strong>nostrae</strong></span> <span class='ocrx_word' id='word_1_250' title='bbox 804 4040 991 4128; x_wconf 76' lang='lat' dir='ltr'><strong>suffragatur</strong></span> <span class='ocrx_word' id='word_1_251' title='bbox 1007 4041 1189 4106; x_wconf 87' lang='lat' dir='ltr'><strong>sententiae.</strong></span> <span class='ocrx_word' id='word_1_252' title='bbox 1224 4041 1303 4105; x_wconf 92' lang='lat' dir='ltr'><strong>Nam</strong></span> 
     </span>
     <span class='ocr_line' id='line_1_33' title="bbox 117 4145 1394 4235; baseline -0.003 -21"><span class='ocrx_word' id='word_1_253' title='bbox 117 4150 226 4234; x_wconf 86' lang='lat' dir='ltr'><strong>plura,</strong></span> <span class='ocrx_word' id='word_1_254' title='bbox 258 4169 356 4233; x_wconf 87' lang='lat' dir='ltr'><strong>caque</strong></span> <span class='ocrx_word' id='word_1_255' title='bbox 383 4153 434 4212; x_wconf 88' lang='lat' dir='ltr'><strong>sat</strong></span> <span class='ocrx_word' id='word_1_256' title='bbox 457 4150 565 4234; x_wconf 80' lang='lat' dir='ltr'><strong>gravia</strong></span> <span class='ocrx_word' id='word_1_257' title='bbox 592 4149 755 4213; x_wconf 87' lang='lat' dir='ltr'><strong>doctrinae</strong></span> <span class='ocrx_word' id='word_1_258' title='bbox 782 4151 885 4234; x_wconf 91' lang='lat' dir='ltr'><strong>capita</strong></span> <span class='ocrx_word' id='word_1_259' title='bbox 911 4150 962 4212; x_wconf 87' lang='lat' dir='ltr'><strong>vix</strong></span> <span class='ocrx_word' id='word_1_260' title='bbox 988 4153 1159 4235; x_wconf 81' lang='lat' dir='ltr'><strong>tanguntur</strong></span> <span class='ocrx_word' id='word_1_261' title='bbox 1169 4145 1217 4232; x_wconf 77' lang='lat'><strong>⁸),</strong></span> <span class='ocrx_word' id='word_1_262' title='bbox 1243 4149 1305 4211; x_wconf 90' lang='lat' dir='ltr'><strong>alia</strong></span> <span class='ocrx_word' id='word_1_263' title='bbox 1392 4205 1394 4210; x_wconf 90' lang='lat'><strong>.</strong></span> 
     </span>
     <span class='ocr_line' id='line_1_34' title="bbox 118 4257 1303 4343; baseline -0.005 -20"><span class='ocrx_word' id='word_1_264' title='bbox 118 4259 223 4323; x_wconf 89' lang='lat' dir='ltr'><strong>obiter</strong></span> <span class='ocrx_word' id='word_1_265' title='bbox 249 4264 368 4321; x_wconf 87' lang='lat' dir='ltr'><strong>tantum</strong></span> <span class='ocrx_word' id='word_1_266' title='bbox 385 4261 427 4319; x_wconf 88' lang='lat' dir='ltr'><strong>et</strong></span> <span class='ocrx_word' id='word_1_267' title='bbox 443 4257 488 4320; x_wconf 87' lang='lat' dir='ltr'><strong>ita</strong></span> <span class='ocrx_word' id='word_1_268' title='bbox 513 4261 706 4336; x_wconf 84' lang='lat' dir='ltr'><strong>tractantur,</strong></span> <span class='ocrx_word' id='word_1_269' title='bbox 730 4263 765 4320; x_wconf 89' lang='lat' dir='ltr'><strong>ut</strong></span> <span class='ocrx_word' id='word_1_270' title='bbox 793 4258 916 4322; x_wconf 88' lang='lat' dir='ltr'><strong>diversa</strong></span> <span class='ocrx_word' id='word_1_271' title='bbox 943 4259 1066 4322; x_wconf 87' lang='lat' dir='ltr'><strong>ratione</strong></span> <span class='ocrx_word' id='word_1_272' title='bbox 1083 4259 1152 4343; x_wconf 91' lang='lat' dir='ltr'><strong>capi</strong></span> <span class='ocrx_word' id='word_1_273' title='bbox 1168 4257 1303 4340; x_wconf 83' lang='lat' dir='ltr'><strong>possint,</strong></span> 
     </span>
     <span class='ocr_line' id='line_1_35' title="bbox 117 4363 1304 4448; baseline -0.004 -18"><span class='ocrx_word' id='word_1_274' title='bbox 117 4373 149 4430; x_wconf 89' lang='lat' dir='ltr'><strong>et</strong></span> <span class='ocrx_word' id='word_1_275' title='bbox 172 4387 283 4429; x_wconf 88' lang='lat' dir='ltr'><strong>revera</strong></span> <span class='ocrx_word' id='word_1_276' title='bbox 305 4365 517 4430; x_wconf 89' lang='lat' dir='ltr'><strong>diversissima</strong></span> <span class='ocrx_word' id='word_1_277' title='bbox 539 4366 717 4448; x_wconf 88' lang='lat' dir='ltr'><strong>capiantur,</strong></span> <span class='ocrx_word' id='word_1_278' title='bbox 741 4366 802 4428; x_wconf 86' lang='lat' dir='ltr'><strong>alia</strong></span> <span class='ocrx_word' id='word_1_279' title='bbox 824 4366 998 4430; x_wconf 86' lang='lat' dir='ltr'><strong>sexcenties</strong></span> <span class='ocrx_word' id='word_1_280' title='bbox 1020 4365 1225 4429; x_wconf 89' lang='lat' dir='ltr'><strong>inculcantur.</strong></span> <span class='ocrx_word' id='word_1_281' title='bbox 1255 4363 1304 4426; x_wconf 86' lang='lat' dir='ltr'><strong>De</strong></span> 
     </span>
    </p>
   </div>
   <div class='ocr_carea' id='block_1_8' title="bbox 113 4474 1303 4668">
    <p class='ocr_par' dir='ltr' id='par_1_13' title="bbox 113 4474 1303 4668">
     <span class='ocr_line' id='line_1_36' title="bbox 113 4474 1303 4562; baseline -0.005 -21"><span class='ocrx_word' id='word_1_282' title='bbox 113 4475 309 4562; x_wconf 81' lang='lat' dir='ltr'><strong>gravissimis</strong></span> <span class='ocrx_word' id='word_1_283' title='bbox 332 4496 409 4540; x_wconf 87' lang='lat' dir='ltr'><strong>vero</strong></span> <span class='ocrx_word' id='word_1_284' title='bbox 438 4475 600 4540; x_wconf 86' lang='lat' dir='ltr'><strong>doctrinae</strong></span> <span class='ocrx_word' id='word_1_285' title='bbox 635 4474 790 4558; x_wconf 86' lang='lat' dir='ltr'><strong>capitibus</strong></span> <span class='ocrx_word' id='word_1_286' title='bbox 826 4475 944 4540; x_wconf 82' lang='lat' dir='ltr'><strong>frustra</strong></span> <span class='ocrx_word' id='word_1_287' title='bbox 975 4495 1106 4560; x_wconf 80' lang='lat' dir='ltr'><strong>quaeres</strong></span> <span class='ocrx_word' id='word_1_288' title='bbox 1141 4479 1303 4538; x_wconf 89' lang='lat' dir='ltr'><strong>accuratas</strong></span> 
     </span>
     <span class='ocr_line' id='line_1_37' title="bbox 115 4579 369 4668; baseline -0.016 -19"><span class='ocrx_word' id='word_1_289' title='bbox 115 4583 315 4650; x_wconf 85' lang='lat' dir='ltr'><strong>definitiones</strong></span> <span class='ocrx_word' id='word_1_290' title='bbox 328 4579 369 4668; x_wconf 78' lang='lat'><strong>⁵).</strong></span> 
     </span>
    </p>
   </div>
   <div class='ocr_carea' id='block_1_9' title="bbox 0 0 1550 5286">
    <p class='ocr_par' dir='ltr' id='par_1_14' title="bbox 0 0 1550 5286">
     <span class='ocr_line' id='line_1_38' title="bbox 0 0 1550 5286; baseline 0 0"><span class='ocrx_word' id='word_1_291' title='bbox 0 0 1550 5286; x_wconf 95' lang='lat' dir='ltr'><strong> </strong></span> 
     </span>
    </p>
   </div>
  </div>
 </body>
</html>
