3190 5290
1272 402 1318 476 bl

139 599 164 642 ι.
183 577 367 662 Scripturae
383 577 490 642 sedulo
507 577 610 642 studio
626 577 827 642 laborandum
844 575 920 660 erit,
949 581 984 640 ut
1004 577 1177 664 linguarum
1193 577 1325 642 biblica-

139 677 207 751 rum
223 688 339 774 ingenii
350 692 487 752 exactam
503 687 564 750 sibi
581 690 740 770 comparet
755 685 963 772 cognitionem
979 685 1010 748 in
1027 685 1197 750 subsidium
1209 707 1325 750 vocan-

139 799 194 880 do,
212 798 265 860 ubi
280 801 367 859 certa
381 817 457 859 usus
472 795 618 880 loquendi
633 795 813 858 testimonia
828 793 955 877 desunt,
973 794 1065 858 etiam
1081 795 1181 858 minus
1197 795 1325 878 liquida,
1343 829 1347 834 ·

139 923 235 987 eaque
251 905 419 990 diligenter
435 903 633 968 examinando
650 923 686 966 aa
702 903 917 986 ponderando,
944 906 1037 988 atque
1058 903 1113 966 ubi
1128 903 1249 989 singola
1264 926 1325 967 non

138 1013 310 1096 sufficiant,
337 1015 428 1096 plura
455 1013 680 1095 consociando,
708 1017 744 1075 ut
770 1012 816 1075 sic
843 1031 949 1075 eorum
966 1032 1025 1094 ope
1041 1033 1109 1075 cum
1126 1011 1324 1094 certitudine,

136 1122 186 1186 vel
202 1122 230 1184 si
246 1125 323 1186 haec
339 1121 448 1186 haberi
463 1126 611 1204 nequeat,
632 1143 701 1184 cum
717 1141 826 1206 magna
841 1121 952 1184 saltem
968 1121 1187 1202 probabilitate
1203 1119 1324 1184 deliniri

137 1233 254 1314 possit,
275 1251 353 1314 quac
369 1231 558 1294 dictionibus
574 1229 697 1294 biblicis
713 1234 854 1312 potestas
871 1233 1036 1312 competat.

577 1535 829 1602 'l'lthC'l‘h'l'US
853 1537 892 1600 ll.

522 1731 558 1789 Illi
583 1731 640 1790 USU
663 1731 803 1796 bllllUENlll
827 1729 945 1788 lllellltl.

295 1938 322 2004 §-
341 1932 383 1992 21.
399 1932 437 1992 ld
453 1946 532 2007 qoem
547 1946 626 1992 asum
641 1933 670 1989 in
685 1931 777 1990 dolus
794 1933 881 1990 raons
897 1931 936 1990 slt
952 1928 1162 1990 attendendum

222 2083 311 2158 Quae
335 2081 400 2144 sint
424 2079 548 2165 linguae
570 2079 723 2158 biblicae,
748 2080 787 2142 ad
810 2098 940 2161 quarum
963 2098 1053 2141 usum
1076 2077 1321 2164 investigandum

132 2189 307 2270 praemissa
336 2187 490 2271 principia
524 2187 683 2274 generalia
712 2187 895 2270 applicanda
925 2192 1013 2266 sont,
1049 2187 1192 2249 omuibus
1214 2191 1322 2250 notum

133 2301 190 2360 cst.
232 2295 323 2358 Libri
345 2296 583 2378 protocaoonici
607 2298 645 2360 A.
671 2299 710 2360 Τ.
735 2295 782 2384 (si
805 2296 980 2380 fragmenta
1003 2295 1163 2359 chaldaica
1186 2295 1264 2358 Dan.
1280 2296 1320 2375 ll,

136 2407 167 2469 2.
206 2441 248 2452 -
280 2406 352 2484 Vll,
382 2407 436 2471 28.
479 2404 550 2467 Esr.
579 2405 639 2484 lv,
676 2409 730 2469 17.
768 2441 809 2452 -
842 2405 902 2484 Vl,
928 2405 981 2469 18.
1017 2405 1091 2484 Vll,
1122 2407 1176 2469 12.
1199 2439 1244 2451 -
1268 2405 1322 2469 211.

132 2509 249 2575 Jerem.
274 2513 319 2590 X,
344 2515 398 2578 11.
430 2511 585 2598 excipias)
614 2513 761 2576 hebraice
786 2513 957 2597 conscripti
981 2517 1072 2594 sunt,
1101 2513 1224 2596 reliqua
1247 2532 1322 2576 vero

128 2641 224 2702 opera
251 2621 366 2683 biblica
395 2625 449 2684 aut
477 2622 622 2706 primitus
651 2643 765 2708 graece
790 2627 930 2700 exarata,
965 2628 1020 2686 aut
1050 2626 1136 2686 certo
1166 2643 1227 2685 non
1253 2623 1320 2684 am·

127 2727 207 2809 plius
235 2735 404 2810 supersunt
428 2729 491 2794 nisi
514 2729 545 2791 in
568 2751 683 2815 graeco
709 2730 856 2793 idiomate
881 2750 941 2813 qua
965 2730 1076 2812 primo,
1103 2751 1139 2792 ex
1163 2751 1224 2813 quo
1248 2749 1321 2792 ver·-

128 2837 236 2900 siones
261 2837 340 2900 aliae
363 2839 431 2900 fere
456 2857 563 2902 omnes
587 2829 780 2902 emanarunt.
828 2841 1030 2920 Quapropter
1059 2838 1160 2921 priori
1182 2837 1255 2900 loeo
1280 2839 1319 2900 dc

125 2943 234 3032 lingua
256 2947 432 3025 hebraico,
462 2947 635 3030 posteriori
666 2949 853 3028 depraeca
877 2948 1028 3030 agendum
1053 2946 1124 3009 erit.
1164 2945 1317 3030 Singilla-

125 3053 180 3116 tim
204 3074 283 3116 vcro
308 3055 346 3118 de
370 3056 535 3140 utriusque
555 3076 614 3118 usu
631 3056 846 3119 disserendum
863 3056 1084 3134 existimamus,
1109 3055 1181 3138 quia
1196 3053 1317 3139 ingens,

126 3165 210 3246 quod
237 3163 268 3225 in
292 3163 457 3250 utriusque
480 3164 585 3227 indole
608 3184 645 3227 ac
668 3165 808 3229 lontibus
833 3170 892 3244 est,
916 3164 1084 3227 discrimen
1107 3164 1234 3227 diversa
1255 3162 1318 3226 sibi

125 3271 273 3356 deposcit
295 3279 474 3355 praecepta.

215 3377 299 3442 Num
336 3399 412 3443 vero
453 3379 626 3443 catholicus
665 3380 822 3461 interpres
861 3382 900 3443 ad
934 3399 1024 3442 usum
1060 3377 1257 3464 originalium
1289 3397 1316 3441 s.

127 3486 314 3570 Scripturae
338 3487 513 3572 linguarum
538 3495 570 3552 ct
593 3488 696 3571 possit
726 3493 757 3551 et
792 3489 903 3552 debeat
935 3488 1121 3574 confugere,
1154 3491 1320 3571 postquam

125 3595 293 3659 concilium
327 3597 544 3659 Tridentinum
581 3598 670 3662 Sess.
701 3599 751 3662 lv.
778 3599 942 3684 vulgatam
977 3597 1154 3661 versionem
1188 3595 1316 3658 latinam

125 3705 298 3768 declaravit
313 3706 535 3786 authenticam,
560 3707 681 3770 nostris
704 3709 899 3791 temporibus
921 3708 973 3770 vix
996 3707 1127 3790 amplius
1145 3707 1318 3790 quaeritur,

127 3833 195 3874 cum
221 3813 299 3877 illud
324 3813 451 3877 concilii
474 3817 636 3879 decretum
659 3817 698 3879 de
722 3817 817 3902 meris
840 3816 1054 3896 versionibus,
1085 3815 1188 3899 iisque
1210 3815 1317 3877 latinis

126 3923 249 3982 tantum
275 3925 307 3983 et
330 3921 415 3984 illius
439 3923 518 4002 aevi,
544 3941 711 4009 earumque
735 3946 794 3989 usu
817 3926 943 4008 publico
967 3923 1162 4008 praecipiat,
1181 3923 1256 4004 quin
1280 3924 1318 3984 de

124 4033 215 4094 textu
239 4030 396 4116 originali,
420 4033 475 4115 qui
499 4055 535 4096 ex
558 4039 669 4098 natura
692 4035 740 4099 rei
764 4055 825 4120 qua
846 4037 918 4100 fons
940 4033 1050 4098 rivulis
1077 4055 1113 4097 ex
1135 4053 1173 4097 eo
1189 4051 1316 4095 manan-

124 4135 211 4199 tibus
236 4137 391 4220 praeferri
414 4139 526 4220 debet,
558 4142 608 4206 vel
630 4143 791 4206 verbulum
820 4143 1062 4226 praescripserit
1086 4139 1138 4229 1).
1174 4138 1318 4218 Quodsi

124 4243 218 4325 licet,
242 4247 335 4310 adeat
358 4268 433 4334 ergo
458 4247 643 4336 theologus,
668 4253 719 4314 cui
740 4250 874 4314 facultas
898 4275 960 4316 non
984 4254 1088 4330 deest,
1113 4249 1227 4313 idioma
1251 4247 1317 4310 ori-

123 4353 298 4438 ginarium,
333 4357 408 4441 quia
430 4357 565 4422 omnium
583 4358 704 4442 judicio
738 4361 900 4426 versiones
935 4360 1007 4443 plus
1041 4359 1180 4422 minusve
1215 4355 1316 4418 hallu·

126 4459 288 4541 cinantur,
321 4469 353 4526 et
388 4460 563 4545 difficilius,
600 4487 689 4552 quam
720 4467 836 4530 idioma
860 4468 1063 4554 originarium
1087 4465 1314 4547 intelliguntur,

126 4567 199 4630 dein
229 4569 300 4654 quia
329 4569 530 4651 heterodoxi,
568 4580 677 4640 contra
717 4589 796 4658 quos
832 4575 995 4660 roligionis
1021 4579 1148 4637 nostrae
1171 4567 1315 4653 dogmata
