3112 5284
1234 478 1308 554 301

201 654 341 717 substrata,
361 655 392 703 dc
410 653 502 717 quibus
516 655 682 718 hagiographi
695 657 812 716 prolecto
833 669 885 704 nou
903 657 1060 719 cogitarunt,
1078 661 1105 703 et
1117 657 1311 718 mulcantem,

201 745 416 808 stillantur,
442 759 466 794 s.
487 746 647 806 scripturam
669 747 772 795 nonnisi
790 749 933 796 reticulum
953 748 1076 810 babeant,
1097 748 1170 808 cujus
1190 760 1240 808 ope
1260 761 1311 804 non

202 837 345 886 doctrinm
363 837 516 898 revelatam,
538 838 585 885 sed
610 839 649 885 sut
662 837 765 886 cerebri
785 840 933 899 opinionem
954 840 1139 889 commendent.

352 1027 447 1100 titt.
463 1027 560 1088 lanae
576 1038 673 1088 seusus
688 1027 780 1088 biblici
796 1029 945 1102 manumet
960 1031 1090 1090 nonum

221 1177 314 1244 Licet
325 1199 399 1242 vero
416 1201 524 1243 norma
539 1178 734 1258 universalis,
754 1202 813 1265 qua
829 1201 940 1245 sensus
953 1182 1070 1246 inventi
1086 1181 1239 1266 expositio
1257 1201 1312 1245 ae·

132 1294 243 1352 curata
257 1295 290 1353 et
306 1288 390 1352 clara
406 1294 499 1372 atque
522 1290 689 1372 perspicua
701 1309 770 1355 esse
780 1290 926 1374 jubetur,
952 1313 1103 1378 uunquam
1119 1315 1179 1356 non
1206 1293 1316 1356 obser-

133 1397 231 1460 vanda
241 1395 302 1474 sit,
318 1415 411 1476 quum
427 1401 529 1460 tamen
545 1398 722 1482 applicatur
736 1399 774 1462 ad
787 1401 1000 1481 exponendum
1017 1420 1141 1464 sensum
1157 1400 1315 1478 biblicum,

133 1504 355 1568 remoratione
370 1504 431 1567 vim
448 1525 534 1568 suam
552 1505 683 1586 exserit,
701 1507 773 1588 quia
786 1507 913 1588 quaevis
930 1507 1083 1588 expositio
1103 1518 1165 1569 turn
1185 1508 1316 1572 consilio

134 1615 274 1699 speciali,
291 1616 374 1699 quod
391 1619 520 1701 exegeta
535 1615 689 1700 sequitur,
705 1621 771 1678 tum
787 1615 904 1698 captui,
919 1615 1002 1679 votis
1019 1621 1051 1680 ct
1065 1616 1247 1700 indigentiis
1263 1637 1318 1680 eo-

135 1745 219 1806 rum,
252 1723 436 1806 inquorum
466 1724 600 1810 gratiam
631 1723 819 1806 suscipitur,
850 1725 1083 1789 accommodata
1108 1725 1150 1787 sit
1181 1729 1318 1806 oportet.

137 1831 306 1896 Consilium
320 1832 401 1916 quod
411 1831 534 1910 attinet,
542 1832 622 1894 alius
634 1832 728 1896 verbe
741 1836 773 1896 et
789 1831 936 1914 loquendi
948 1852 1037 1896 usum
1050 1831 1220 1912 illustrare,
1237 1833 1317 1896 alius

136 1939 307 2026 generatim
331 1939 503 2024 explicare,
540 1941 621 2004 alius
650 1941 680 2004 in
705 1941 809 2024 speeie
839 1963 876 2005 ex
906 1946 994 2012 texto
1025 1941 1140 2014 biblico
1169 1942 1318 2006 historias

132 2047 185 2112 'vel
209 2047 283 2112 fidei
306 2052 338 2112 et
360 2069 479 2113 morum
502 2050 661 2114 doctrinas
678 2069 806 2128 eruere,
830 2049 910 2112 alios
933 2050 1095 2113 materiam
1117 2070 1175 2132 pro
1200 2051 1319 2118 instru-

139 2157 225 2220 endis
248 2156 433 2220 cultioribus
457 2164 510 2222 aut
534 2157 751 2224 incultioribus
775 2179 903 2241 parare,
921 2158 1044 2242 *paucis
1071 2159 1151 2223 nlius
1174 2159 1235 2222 alia
1264 2180 1321 2241 per

139 2264 363 2350 expositionem
387 2266 530 2331 biblicam
548 2289 699 2352 quaerere
716 2273 832 2351 potest.
857 2269 901 2330 Ex
918 2272 1030 2331 natura
1052 2267 1100 2332 rei
1124 2269 1221 2331 omnis
1246 2290 1325 2334 corr.

140 2375 202 2438 silii
241 2373 407 2438 diversitas
445 2374 516 2458 plus
553 2375 693 2440 minusve
731 2377 885 2440 diversam
925 2376 1129 2460 expositionis
1168 2377 1320 2441 rationem

140 2483 281 2569 requirit.

227 2592 293 2656 Nec
317 2593 416 2656 minus
440 2593 479 2654 ob
504 2592 716 2657 diversitatem
742 2595 949 2679 capacitatis,
976 2595 1159 2674 ardicam,
1185 2603 1215 2660 et
1240 2595 1324 2658 desi-

143 2701 299 2764 deriorum
320 2719 357 2762 ac
381 2700 619 2785 indigentiarum
645 2721 768 2778 eorum,
794 2702 905 2785 quibus
930 2702 1096 2785 explicatio
1119 2701 1178 2784 lit,
1202 2704 1326 2766 diverso

144 2811 232 2873 modo
257 2809 287 2870 in
315 2809 495 2892 exponendo
523 2810 751 2892 procedendum
784 2830 872 2891 csse,
905 2812 985 2874 baud
1013 2808 1185 2873 difficulter
1207 2812 1326 2874 intelli·

142 2918 237 3002 gitur.
262 2917 382 2980 Etenim
405 2916 501 2978 multa
523 2914 589 2997 ejus
606 2922 735 2980 naturae
752 2925 841 2996 sunt,
866 2924 901 2978 ut
928 2917 978 2980 vix
1001 2917 1082 2998 elia,
1109 2939 1198 3000 quam
1226 2919 1326 2982 forma

142 3026 294 3090 historica
310 3027 348 3088 ad
371 3031 495 3108 captum
517 3023 705 3088 incultorum
730 3026 841 3088 deduci
864 3026 1003 3109 possint,-
1027 3030 1061 3092 ct
1084 3026 1176 3089 docte
1199 3031 1231 3089 et
1252 3027 1327 3088 sub-

142 3135 242 3199 tiliter
265 3137 400 3197 tractata
423 3133 614 3198 intellectum
643 3135 749 3216 potius
775 3135 965 3212 obruerent,
999 3155 1089 3219 quam
1119 3135 1325 3200 illustrarent.

143 3243 205 3308 Alii
230 3251 338 3306 contra
361 3243 458 3328 magis
483 3241 570 3323 culti,
595 3242 730 3324 quinon
755 3242 959 3325 acquiescunt
987 3242 1173 3324 expositioni
1198 3243 1327 3308 histori-

145 3371 216 3432 cae,
241 3349 421 3414 solidiorem
446 3350 492 3412 rei
517 3350 751 3432 explicationem
776 3350 901 3432 capiunt
925 3355 956 3412 et
980 3354 1138 3434 exoptant.
1170 3352 1328 3416 Nonnulla

143 3479 162 3523 a
185 3459 366 3544 quibusdam
389 3479 449 3520 non
468 3457 694 3520 desiderantur.
719 3456 774 3518 Sic
797 3458 908 3543 vulgus
932 3457 1161 3540 disputationes
1178 3461 1216 3522 de
1233 3461 1327 3524 rebus

143 3567 345 3632 biblicisiere
370 3567 526 3646 abhorret,
551 3565 606 3629 alii
628 3587 703 3630 vero
728 3567 955 3628 accuratiorem
981 3587 1085 3630 earum
1110 3587 1213 3630 rerum
1232 3591 1328 3650 expo-

143 3677 298 3754 sitionem,
323 3674 524 3738 difficultates
548 3674 689 3752 solutas,
715 3673 880 3736 exhibitam
905 3696 973 3736 cum
997 3674 1158 3756 principiis
1182 3677 1322 3760 pbiloso-

142 3783 244 3868 pbicis
268 3783 511 3846 convenientiam
536 3789 567 3848 et
591 3784 652 3847 elia
675 3782 766 3866 lmjm
789 3784 914 3870 generis
930 3784 1038 3848 audire
1062 3783 1111 3848 vel
1126 3784 1231 3870 legere
1246 3807 1325 3870 gau·

143 3895 229 3956 slent.
267 3893 422 3976 Denique,
457 3913 535 3974 quae
559 3892 629 3955 eliis
653 3914 714 3956 uon
738 3899 801 3954 tam
826 3893 902 3955 bene
927 3893 1052 3977 cognite
1075 3897 1164 3970 suut,
1190 3901 1223 3956 ut
1247 3895 1324 3978 ipsis

143 4021 205 4064 non
229 4001 297 4064 sine
321 3987 457 4064 utilitate
482 4001 692 4085 explicentur,
715 4001 785 4064 aliis
809 4001 853 4064 ita
876 4008 951 4064 nota
973 4002 1141 4083 adparent,
1166 4011 1200 4064 ut
1223 4002 1325 4065 fusius

143 4111 284 4194 exposita
300 4109 399 4174 minus
415 4110 573 4192 placeant,
598 4109 759 4172 autetiam
777 4129 925 4172 nauscam
943 4105 1109 4193 cresunt).

233 4219 324 4297 Quod
342 4217 406 4300 jam
430 4223 551 4301 spectat
575 4218 765 4300 multiplices
781 4219 859 4280 adeo
876 4237 913 4279 ao
928 4216 1041 4297 varias,
1067 4238 1144 4300 quas
1162 4217 1325 4280 consilium

143 4331 293 4410 exegetae
316 4333 347 4388 et
371 4326 451 4390 ratio
476 4326 614 4388 habenda
639 4345 756 4401 eornm,
780 4325 892 4405 quibus
916 4325 1071 4408 expositio
1096 4323 1144 4406 fit,
1166 4326 1327 4408 postulant

144 4436 330 4520 Scripturas
355 4435 553 4520 explicandae
576 4435 726 4511 rationes,
749 4433 810 4496 boc
834 4433 905 4498 loco
930 4434 968 4497 de
992 4434 1032 4498 iis
1055 4435 1162 4502 solum,
1179 4433 1329 4517 specialia

143 4545 293 4628 quaedam
317 4543 536 4626 praecipienda
560 4543 715 4619 videntur,
739 4561 868 4622 quarum
894 4541 1030 4626 cognitio
1054 4541 1213 4626 theologis
1230 4525 1355 4626 inpri-¹

142 4655 203 4717 mis
229 4645 405 4716 necessarie
440 4651 489 4714 vel
514 4651 600 4719 utilis
625 4659 690 4729 est,
720 4668 858 4742 quasque
887 4650 1080 4733 distinguere
1110 4649 1186 4714 licet
1211 4653 1330 4717 ratione
