3120 5294
208 499 295 573 id

235 675 430 740 celeberrimi
447 675 480 738 in
501 673 593 758 bujne
613 673 745 740 subsidii
764 693 823 738 usu
847 673 928 738 baud
951 692 1025 737 raro
1047 673 1231 758 greriedme
1251 672 1442 736 bellncineti

237 788 311 848 eunt
325 781 370 872 ⁴).

330 895 532 976 Quapropter
546 899 581 956 ut
595 892 751 972 devitatis,
767 911 847 974 qnos
863 891 917 956 alii
928 891 1128 969 admiserunt,
1142 891 1304 954 erroribus
1317 890 1439 954 dialec-

238 1002 292 1062 toe
309 1004 458 1084 cognatae
474 999 512 1063 ad
528 1001 848 1066 studiumHebrniemi
863 998 971 1063 biblici
986 999 1110 1063 utiliter
1119 997 1324 1082 applicemus,
1339 1021 1440 1082 opor-

243 1112 353 1171 tunum
369 1107 589 1191 existimamus,
606 1110 739 1192 primum
769 1111 812 1173 de
838 1131 903 1173 ooo
931 1111 1191 1192 comparationis
1216 1111 1441 1173 dialectorum

236 1222 422 1302 penerotim
447 1219 559 1300 loqoi;
580 1219 652 1282 dein
678 1219 845 1300 epeeiolio
872 1219 1098 1298 emolumento,
1124 1237 1208 1298 quoe
1223 1225 1286 1299 prb
1301 1220 1442 1301 linquae

239 1329 417 1391 hebraicae
432 1329 617 1410 repetitione
632 1329 711 1390 inde
725 1329 878 1392 derivari
897 1336 1048 1410 poeaont,
1071 1327 1245 1390 ostendere
1260 1353 1273 1406 ,·
1299 1327 1439 1410 denique

242 1437 407 1518 wordum
422 1439 594 1499 condones
608 1437 852 1518 praescribere,
870 1455 955 1518 quoe
971 1435 1128 1500 adbibere
1144 1445 1281 1517 oportet,
1297 1443 1337 1497 ot
1360 1438 1443 1500 dia-

242 1545 401 1608 lectornm
416 1547 620 1626 comparatio
634 1545 697 1608 rite
712 1547 915 1611 tondomor.

268 1701 293 1770 1)
312 1708 434 1768 Linguae,
452 1721 516 1768 qnae
536 1709 569 1756 ed
587 1707 728 1757 Semltieml
742 1709 860 1756 familiam
883 1711 1017 1768 spectent,
1036 1709 1111 1754 trium
1130 1719 1258 1754 murorum
1275 1709 1376 1768 instar,
1398 1711 1446 1768 qui

316 1811 347 1847 ex
362 1801 449 1848 eedem
469 1800 549 1860 stirpe
572 1805 775 1852 concreverunt,
794 1801 820 1846 in
845 1803 900 1847 tres
918 1800 1041 1846 dialectos
1068 1798 1224 1857 principales
1247 1796 1351 1853 meunt
1376 1811 1446 1846 ero·

316 1889 433 1938 maleum
451 1902 557 1951 nempe,
582 1889 738 1938 hebraicam
757 1895 784 1937 et
802 1890 953 1938 arabicam.

306 1979 334 2042 a)
352 1979 499 2028 Araneolae
517 1981 582 2027 duae
598 1982 750 2040 praecipuae
762 1982 881 2040 species,
898 1983 1048 2026 eremeieem
1067 1978 1215 2026 orientalem
1231 1977 1446 2040 (chaldaicam)

351 2074 378 2117 et
396 2073 547 2118 erameicem
573 2071 755 2118 occidentalem
784 2068 981 2132 (cyriacum),
1008 2081 1115 2130 querum
1141 2073 1265 2128 utreque,
1291 2069 1315 2114 ei
1341 2081 1445 2126 paucos

353 2160 441 2219 syriae
460 2173 542 2221 pagos
561 2161 587 2206 in
607 2161 750 2208 Antilibano
769 2161 901 2222 excipias,
929 2163 1043 2208 emortua
1063 2164 1121 2220 eet,
1150 2157 1346 2219 complectitur,
1377 2159 1447 2205 iliam

352 2252 378 2296 in
397 2252 518 2310 operibus
538 2251 694 2298 ludaeorum
712 2250 872 2308 potissimum
889 2255 1039 2310 neumatum
1058 2253 1134 2298 etiem
1151 2249 1332 2296 Aremeismum
1345 2249 1447 2309 Jedui·

354 2353 420 2396 mm,
438 2341 505 2386 beno
523 2340 549 2387 in
568 2341 671 2399 scriptis
691 2339 838 2386 christiania
857 2343 1045 2402 frequentatam
1061 2343 1243 2388 Aremeismum
1262 2341 1448 2388 ebriationem

353 2431 490 2490 appellant.
510 2431 582 2490 Quae
596 2433 733 2490 praeterea
749 2436 890 2490 supersunt
908 2446 940 2480 ex
953 2433 1063 2478 dialecto
1076 2430 1326 2491 Samaritanorum,
1339 2433 1445 2480 Zabin-

353 2533 415 2568 rom
434 2524 460 2568 et
479 2520 712 2582 Palmyrenorum,
730 2521 763 2567 ed
782 2523 891 2580 stirpem
908 2523 1057 2570 monnicam
1074 2525 1136 2568 eunt
1154 2522 1297 2569 referende.

308 2611 339 2673 b)
359 2611 494 2660 Hebraico
513 2610 628 2658 sobolem
645 2612 723 2658 babet
740 2612 958 2673 neobebroieorn‚
978 2623 1052 2672 quam
1070 2613 1134 2658 aliae
1154 2611 1365 2658 tolmndieomet
1379 2611 1448 2658 rob·

359 2701 476 2750 binicom
501 2703 605 2762 dieunt,
638 2703 720 2748 minue
747 2706 831 2750 tamen
850 2705 1009 2764 adaequate,
1039 2715 1095 2749 cum
1113 2703 1239 2750 volumine
1256 2701 1393 2748 talmudice
1423 2707 1451 2750 ct

355 2794 528 2840 midraschica
546 2794 663 2840 oratione
687 2792 807 2853 bilingui,
837 2793 965 2840 aramaica
992 2805 1083 2852 nempe
1102 2794 1130 2838 et
1155 2791 1326 2838 neobebreice
1344 2795 1451 2837 exarata

357 2883 418 2930 sint.
441 2879 482 2947 (s.
503 2883 562 2944 08.)
581 2883 693 2943 exiguas
707 2884 832 2943 reliquiae
848 2882 967 2930 Ponione
986 2889 1013 2930 et
1031 2881 1192 2930 Phoenicioe
1210 2882 1241 2928 ab
1260 2879 1391 2928 hebreicis
1405 2882 1448 2927 vix

355 2974 515 3034 discrepent.

307 3061 335 3129 o)
354 3063 474 3112 Arabico
491 3077 576 3112 remor
594 3063 673 3112 babet
690 3064 827 3112 dialectum
846 3063 1023 3121 Maurorum,
1043 3061 1242 3124 meleteniam,
1260 3049 1446 3125 Aetbiopa'care

356 3156 435 3214 atque
453 3153 636 3202 Ambnricom.

273 3238 300 3310 ι)
320 3245 393 3304 Quod
410 3245 499 3292 berum
517 3245 664 3306 linguarum
682 3247 794 3292 aetatem
822 3243 933 3302 attinet,
960 3242 1082 3302 quidquid
1102 3243 1136 3288 eit
1154 3241 1186 3288 de
1207 3253 1294 3288 eorum
1313 3241 1448 3288 sententie

320 3335 468 3396 dicendum,
499 3336 543 3396 qni
568 3335 743 3394 contendunt,
769 3335 881 3394 linguam
900 3331 1046 3379 hebraicam
1065 3335 1110 3379 aut
1129 3332 1284 3392 primaevam
1303 3344 1380 3386 esee,
1404 3335 1447 3378 eut

320 3426 411 3472 saltem
430 3427 463 3473 ad
481 3426 549 3472 illam
567 3427 684 3486 proxime
708 3425 835 3472 accedere
863 3424 944 3483 (coni.
966 3423 1058 3483 Stepb.
1078 3423 1208 3479 Morini,
1235 3423 1446 3470 Exercitationes

323 3517 355 3562 de
374 3515 463 3575 lingua
481 3518 623 3575 primaeve.
654 3516 738 3576 Utrej.
760 3515 839 3562 idei.
859 3515 890 3562 0.
910 3516 943 3563 Α.
961 3515 1062 3574 Rode,
1089 3513 1158 3562 Dies.
1179 3515 1211 3560 de
1230 3513 1377 3572 primaevae
1396 3514 1445 3559 lin·

319 3618 385 3665 gnae
403 3607 533 3653 hebraeae
553 3605 722 3664 antiquitate,
749 3606 832 3664 praet.
852 3604 881 3651 0.
900 3605 930 3651 Β.
950 3603 1129 3652 bliebablie.
1155 3605 1234 3651 lielne
1256 3603 1335 3650 1⁷4⁰.
1357 3602 1389 3649 0.
1410 3601 1443 3649 0.
1544 3607 1545 3616 ’

320 3696 439 3751 Anton,
466 3697 505 3744 lie
530 3696 617 3754 lingue
634 3696 766 3754 primaeve
784 3696 892 3755 ejusque
915 3697 941 3744 in
964 3697 1052 3756 lingua
1070 3695 1183 3744 bebraea
1200 3695 1327 3754 reliqniis.
1357 3693 1444 3740 Viteb.

324 3787 403 3833 1800.
421 3785 446 3833 J.
466 3787 498 3832 ll.
518 3786 657 3844 Pareae,
685 3786 771 3835 luetlt.
792 3787 891 3846 lnterp.
910 3787 941 3833 V.
961 3787 991 3834 Τ.
1010 3800 1039 3846 p.
1059 3777 1124 3848 2⁵),
1154 3786 1371 3834 incertissimum
1391 3787 1444 3844 est,

321 3876 416 3923 nulline
434 3877 537 3936 linguae
555 3880 606 3924 tam
625 3876 714 3936 prisea
732 3880 895 3924 monumenta
916 3882 1020 3938 extare,
1040 3891 1115 3937 quem
1133 3876 1281 3936 hebraicae,
1302 3889 1351 3936 qua
1368 3887 1444 3921 rere-

321 3967 383 4012 latio
411 3966 499 4014 dlvina
526 3969 552 4013 in
578 3980 652 4013 usum
678 3967 780 4026 generis
807 3968 909 4015 bumeni
928 3982 975 4028 per
994 3968 1130 4014 decureum
1149 3967 1273 4026 temporis
1292 3965 1446 4025 consignate

321 4060 372 4102 est.
410 4058 488 4114 Quem
507 4056 662 4116 scriptorum
681 4058 833 4116 antiquitate
860 4059 954 4118 excipit
982 4059 1123 4114 aremeice,
1152 4070 1232 4116 quae,
1261 4059 1443 4116 praeterquam

326 4147 395 4205 quod
409 4147 526 4193 Daniel
545 4150 571 4194 et
584 4147 682 4194 bisras
702 4148 833 4207 longiores
852 4150 989 4209 pericopes
1003 4147 1134 4196 chaldaice
1147 4151 1265 4195 exaratus
1278 4147 1445 4206 reliquerunt,

264 4261 270 4270 ·
323 4239 400 4284 etiem
412 4237 437 4283 in
450 4237 506 4283 allis
520 4250 544 4283 a.
555 4237 663 4297 codicis,
681 4239 873 4296 posterioribus
887 4239 1047 4299 potissimum
1060 4237 1141 4294 libris,
1159 4239 1210 4284 vim
1225 4239 1349 4297 marcuit,
1368 4240 1443 4296 atque

323 4329 348 4374 in
373 4327 521 4386 targumicls
542 4329 570 4374 et
587 4329 731 4376 talmudicie
759 4330 929 4377 voluminibus
955 4333 1080 4390 usurpata
1108 4332 1203 4377 exstat·
1240 4329 1286 4376 liei
1313 4329 1442 4375 literni-iae

321 4429 386 4464 vero
411 4419 522 4466 Arabum
549 4419 632 4478 prime
658 4421 799 4479 specimina
825 4423 944 4468 exhibent
962 4423 1075 4468 carmina
1094 4416 1249 4468 llamisae
1269 4423 1296 4466 et
1314 4419 1442 4465 bloalla·

323 4507 391 4564 itt,
410 4508 483 4554 brevi
503 4513 561 4556 ente
580 4510 822 4559 Muhammedem
841 4515 1006 4573 conseripta3
1026 4526 1057 4560 ee
1076 4512 1194 4572 sequitur
1212 4511 1371 4556 Korenus.

277 4594 302 4662 ³]
321 4601 545 4648 Neobebraica
568 4601 621 4660 jem
640 4602 667 4648 in
688 4604 872 4650 recentissimis
893 4617 916 4650 a.
935 4604 1046 4652 benonis
1067 4603 1143 4650 libris
1164 4603 1273 4662 plurima
1301 4600 1442 4665 occurrunt

321 4692 359 4752 (S.
381 4693 424 4739 30.
444 4694 506 4740 note
527 4688 582 4756 1.),
613 4678 663 4740 imo
692 4693 768 4740 etiem
790 4695 952 4744 Alexandrini
981 4705 1103 4743 roreorcs
1132 4694 1235 4753 linguae
1257 4688 1442 4738 neobebreicee
