3112 5284
1264 423 1337 498 tel

149 601 271 664 solutis
288 600 472 662 doctrinam
494 600 728 680 complectens,
753 596 843 680 cujus
866 618 976 684 magna
1000 617 1073 682 pars
1096 619 1243 662 successu
1259 605 1340 662 tem-

148 708 235 790 poris
251 727 310 789 pro
327 707 399 769 data
415 705 596 770 occassione
618 727 654 769 ac
678 704 888 768 Ecclesiarum
912 705 961 769 vel
986 705 1179 791 singulorum
1201 705 1338 770 lidelium

148 815 303 901 exigentia
318 813 356 876 ab
373 813 535 898 Apostolis
561 819 592 877 et
614 813 777 897 discipulis
798 814 921 878 Domini
943 813 1108 897 adjuvante
1132 816 1239 878 eodem
1263 805 1339 897 Spi-

147 923 254 988 ritus.
270 921 374 987 literis
390 921 571 1008 consignata
595 925 662 1002 est,
687 921 761 1006 quin
782 943 914 1005 uuquam
937 922 1107 986 cessaverit
1123 925 1176 985 aut
1197 923 1341 987 immuta·

145 1036 179 1095 ta
193 1031 290 1096 luerit
304 1033 381 1096 hacc
397 1031 570 1114 apostolica
584 1029 795 1114 praedicatio,
821 1033 853 1093 et
869 1029 942 1114 quia
957 1029 1049 1112 proin
1073 1051 1109 1094 aa
1131 1035 1179 1094 est
1198 1031 1338 1114 Aposto-

109 1127 117 1140 ’
144 1139 247 1204 lorum
262 1139 332 1202 visa
348 1159 425 1202 voce
440 1142 643 1224 propagatam
659 1140 944 1221 praedicationem
965 1139 1048 1204 iuter
1070 1143 1102 1202 et
1121 1131 1157 1204 a.
1178 1138 1335 1222 Scriptu-

146 1269 221 1312 rcm
235 1247 360 1330 relatio,
383 1257 418 1312 ut
433 1248 540 1311 ambae
564 1245 654 1317 simul
681 1246 836 1332 integrum
859 1247 1026 1311 veritatum
1049 1247 1196 1310 divinitus
1217 1248 1340 1312 revele-

146 1363 250 1420 tarum
266 1377 382 1439 corpus
398 1376 417 1418 a
432 1355 507 1418 lesu
520 1355 649 1420 Christo
663 1355 673 1418 i
678 1377 698 1418 n
710 1355 780 1418 sinu
796 1354 957 1421 Ecclesiae
971 1373 1047 1420 suae
1058 1355 1235 1436 depositum
1248 1376 1339 1420 cour·

146 1464 343 1546 plectantur,
367 1463 412 1527 ita
427 1468 549 1541 tamen,
573 1467 608 1526 ut
623 1462 713 1546 prior
735 1462 827 1526 etiem
844 1462 913 1526 sola
934 1483 1053 1528 omnem
1070 1463 1201 1528 divinam
1218 1463 1340 1528 revela·

144 1572 263 1636 tionem
287 1571 436 1654 scriptam
459 1575 491 1636 et
511 1593 572 1636 nou
594 1571 766 1653 scriptum,
795 1571 956 1654 posterior
983 1591 1058 1634 vero
1087 1575 1207 1652 partem
1235 1571 1339 1634 literis

144 1681 320 1744 mandatam
337 1680 438 1744 solum
458 1681 720 1764 comprehendat3
743 1699 801 1762 per
824 1699 859 1742 sc
874 1684 977 1761 patet,
1002 1679 1161 1742 doctrines
1177 1699 1201 1744 s.
1225 1678 1336 1761 Scrip-

144 1794 237 1852 turas
253 1810 314 1852 non
330 1808 424 1870 posse
441 1788 620 1869 discrepare
636 1787 675 1850 al
691 1786 749 1864 iis,
773 1805 852 1867 quae
868 1786 899 1850 iu
914 1771 983 1850 sivo
1006 1786 1166 1850 Ecclesiae
1187 1789 1332 1870 deposito

144 1904 219 1960 sunt
233 1897 422 1975 custoditae,
447 1897 503 1960 sed
525 1894 704 1960 necessario
728 1914 798 1958 cum
820 1893 860 1960 iis
879 1894 970 1976 pians
987 1894 1184 1976 annunties,
1208 1895 1281 1975 imo,
1304 1896 1335 1960 in

149 2011 297 2088 quantum
316 2005 517 2090 consignatae
532 2010 615 2081 sunt,
632 2003 757 2066 easdem
773 2022 843 2068 esse
856 1996 899 2089 1).

236 2115 324 2192 Quae
339 2134 409 2176 cum
436 2111 481 2176 iia
506 2111 584 2193 siut,
607 2110 700 2176 facile
722 2111 881 2195 seqnitur,
906 2111 1139 2196 congruentiam
1166 2111 1197 2174 in
1219 2131 1338 2174 summa

143 2221 307 2285 docuinae
322 2221 478 2286 revelatae
493 2225 559 2284 tum
575 2221 713 2302 scriptae
734 2225 800 2284 tum
822 2221 891 2284 viva
913 2241 991 2286 voce
1012 2221 1146 2286 traditae
1169 2220 1201 2286 in
1221 2221 1335 2286 Eccle-

142 2331 190 2394 sia
206 2330 362 2397 catholice
377 2330 521 2413 deposita
536 2336 567 2394 et
583 2330 685 2394 divina
707 2329 897 2396 auctoritaie
922 2330 1109 2413 constituta,
1134 2351 1225 2413 quam
1246 2335 1335 2396 recte

143 2441 336 2522 anulopinm
358 2441 531 2504 doctrinae
550 2461 614 2505 scu
631 2443 712 2524 fidei
728 2443 764 2502 in
786 2461 894 2504 scaen
917 2442 1075 2506 anatoliae
1102 2439 1235 2522 dixeris,
1266 2459 1336 2504 esse

142 2547 329 2632 principium
356 2548 620 2613 hermeneuticum
655 2547 808 2630 objectiva
836 2553 956 2612 carim
985 2553 1016 2612 et
1045 2549 1127 2613 omni
1153 2548 1337 2634 exceptione

87 2673 89 2678 ’
143 2655 254 2740 majus,
277 2657 316 2720 ad
334 2657 417 2741 quod
432 2657 518 2722 velut
534 2657 573 2722 ed
588 2657 719 2742 lapidem
735 2657 853 2742 lydium
870 2659 969 2728 omnis
984 2673 1010 2722 s.
1028 2656 1212 2741 Scripturas
1235 2657 1335 2722 inter-

146 2765 286 2850 pretatio
302 2765 396 2852 dirigi
412 2771 445 2833 et
458 2765 624 2848 dijudicari
637 2767 732 2832 debet
746 2764 789 2852 θ).

173 2909 199 2976 ¹)
220 2915 276 2961 Non
293 2917 375 2963 minus
393 2928 456 2963 sere
473 2929 547 2976 quam
566 2919 626 2976 epte
645 2915 794 2962 licenter
812 2915 947 2962 observet:
972 2915 1044 2976 „Der
1061 2915 1230 2962 nesentllche
1251 2915 1333 2960 inhalt

222 3008 271 3054 der
289 3007 403 3068 heiligen
421 3006 518 3054 Schritt
536 3008 572 3054 ist
588 3007 634 3054 der
651 3007 747 3054 Klrclsa
765 3009 831 3066 cwig
849 3007 1056 3066 gegenwasrtig,
1074 3006 1133 3052 weil
1152 3017 1182 3052 er
1200 3007 1240 3052 ilsr
1254 3007 1336 3052 llere·

218 3099 291 3158 slat,
311 3097 352 3146 ihc
370 3099 459 3155 odem,
479 3099 536 3148 ihre
555 3097 642 3160 Scala,
661 3098 702 3146 ilu·
719 3099 790 3146 Alias
809 3099 875 3146 ist.”
896 3096 1036 3156 Symbolilx.
1055 3098 1117 3144 edit.
1131 3097 1176 3142 ill.
1196 3108 1255 3156 pag.
1268 3098 1331 3144 383.

168 3181 195 3247 ²)
215 3189 253 3234 lix
272 3189 346 3238 dictis
365 3188 442 3236 tacite
454 3189 620 3248 perspicitur,
640 3191 761 3250 quantum
774 3188 928 3236 discriminis
942 3189 1012 3234 inter
1031 3186 1184 3247 ascaloniam
1201 3185 1264 3248 {idei
1281 3199 1330 3236 eeu

162 3342 164 3350 Α
218 3279 360 3326 dwtriaae
378 3280 519 3338 generatim
540 3281 688 3338 acceptam,
717 3291 782 3338 quse
809 3279 884 3324 etiam
904 3292 920 3324 a
943 3277 1165 3337 Protestentihus,
1191 3277 1224 3326 tu
1248 3281 1330 3334 certe,

217 3369 259 3430 qui
277 3369 471 3426 inspirationem
487 3381 517 3414 ac
534 3369 716 3416 revelationem
735 3370 859 3426 credunt,
881 3381 930 3427 qua
946 3368 1099 3427 principium
1116 3367 1332 3414 hermeneuticum

216 3461 362 3519 adoptatur,
390 3463 416 3508 et
432 3461 500 3506 inter
526 3461 667 3519 analogiam
684 3459 744 3506 fidei
763 3462 886 3507 insensu
906 3459 1032 3506 catholica
1054 3462 1161 3506 sumtum
1178 3457 1333 3505 intercedat.

218 3550 263 3596 ille
281 3551 347 3598 enim
365 3550 391 3596 ia
411 3561 511 3597 sumne
528 3549 662 3598 domninae
682 3552 800 3610 ponitur,
823 3563 888 3610 quae
909 3565 924 3598 s
943 3549 1026 3598 sacris
1046 3549 1131 3596 literis
1151 3551 1178 3596 al
1196 3550 1220 3594 si
1238 3549 1331 3607 placet,

217 3654 248 3688 ex
261 3639 347 3691 saecu
361 3642 544 3702 numantiam,
564 3643 607 3702 nui
626 3643 707 3690 sacris
727 3641 896 3702 scriptoribus
914 3644 998 3691 estete
1014 3641 1121 3700 preximi
1135 3643 1205 3700 sunt,
1227 3641 1332 3689 Petrum

217 3729 362 3790 subjective
380 3731 542 3781 diremerunt
558 3731 695 3794 religionis
715 3731 883 3790 societatum,
909 3733 951 3778 sel
970 3732 1046 3778 etism
1069 3731 1225 3790 singulorum
1250 3732 1331 3776 inter·

217 3823 317 3878 pratum
334 3821 503 3880 intelligentie
521 3822 634 3882 eruitur,
663 3824 689 3868 et
706 3821 782 3879 proin
805 3833 853 3879 pro
877 3821 1042 3878 decretale,
1069 3834 1133 3882 quaes
1158 3822 1183 3866 in
1202 3821 1332 3866 hominnm

216 3909 325 3969 ingeniis
344 3911 555 3972 deprehenditur,
580 3913 709 3959 variabilis
737 3915 778 3959 est
802 3915 828 3959 et
856 3913 987 3971 multiplex
1014 3913 1095 3974 (cont.
1115 3911 1138 3971 s.
1161 3910 1220 3956 158.
1240 3915 1294 3957 not.
1315 3921 1331 3951 s

213 3998 242 4058 ς.
264 4001 323 4047 tea.
342 4005 396 4048 net.
417 3999 476 4062 2.),
496 4001 546 4057 ite,
565 4006 594 4048 ut
614 4005 720 4050 humeae
735 4007 833 4050 tantum
858 4006 1013 4052 auctoritate
1039 4003 1145 4062 polleat.
1178 4004 1261 4062 Quare
1280 4013 1330 4046 non

218 4094 278 4149 est,
303 4093 529 4152 succurramur,
556 4097 624 4142 teste
644 4093 754 4142 hulsela
771 4106 866 4154 reapse
884 4095 958 4142 eiiam
974 4097 1073 4140 sectam
1101 4093 1176 4140 aiam
1199 4091 1336 4139 doctrinae

218 4193 341 4235 tutem
359 4197 391 4234 ex
407 4197 430 4233 s.
457 4182 593 4242 scripura
609 4185 662 4244 sibi
678 4185 814 4233 sumsisse.
847 4185 936 4247 hunge
959 4183 1037 4230 aliter
1066 4194 1110 4232 ras
1137 4195 1166 4228 se
1192 4180 1282 4238 hebet,
1310 4180 1333 4226 si

219 4273 336 4334 analogia
353 4273 411 4321 fidei
430 4275 456 4320 in
475 4287 555 4320 sensu
573 4276 698 4322 catholieo
717 4277 823 4331 accepta
841 4277 981 4333 spectatur.
1009 4273 1072 4319 ilum
1092 4273 1158 4321 enlm
1173 4269 1231 4318 fidei
1244 4268 1333 4316 catinu-

218 4363 282 4413 uass
301 4365 459 4425 complexum
476 4379 509 4413 ax
528 4367 609 4412 sacris
631 4365 715 4412 litoris
735 4367 761 4410 et
779 4365 971 4421 praedicatione
990 4364 1172 4420 apostolorum
1191 4361 1335 4409 ‹lesumtum

219 4457 245 4499 et
263 4453 388 4502 infallibili
406 4455 557 4514 Magisterio
580 4455 709 4504 delinitum
729 4455 945 4513 comprehendat,
966 4453 1119 4512 objectivam
1136 4451 1269 4498 veritatem
1288 4459 1334 4490 nx-

218 4543 307 4606 hibet,
333 4550 359 4593 et
386 4557 434 4605 pru
453 4547 668 4604 interpretatione
684 4557 707 4592 s.
729 4542 880 4603 Scripturas
899 4545 990 4593 merito
1010 4555 1099 4588 norma
1122 4539 1245 4586 directrix
1268 4539 1339 4582 omni*

220 4636 368 4694 exceptione
386 4635 469 4695 maiar
487 4635 605 4682 hahetur.

6 4040 12 4074 i
