3112 5284
269 417 348 494 27²}

341 599 436 660 Vltor]
449 599 491 647 bei
502 597 645 646 desselben
663 597 872 658 (dogmatiscben
886 599 938 644 und
959 600 1146 660 moraliscbeu)
1166 601 1281 658 stetten,
1309 615 1341 648 su
1360 605 1393 650 ist
1414 606 1454 651 der

341 690 503 736 kstbctiscbe
519 689 645 748 Ausleger
662 689 726 736 nscb
746 700 868 736 anserem
887 688 977 736 onnon
997 691 1049 736 und
1068 691 1115 738 der
1133 703 1231 750 genten
1253 691 1404 753 ssesinnnng
1415 697 1454 742 der

339 780 434 827 Klrcbe
454 779 584 826 nattlrlicb
604 779 670 824 euch
684 779 765 824 daran
786 778 934 838 gabundan.
973 779 1034 826 lller
1052 781 1087 826 ist
1105 782 1173 828 daun
1190 782 1233 828 dle
1245 783 1397 844 Auslegung
1413 787 1452 831 des

340 869 517 916 kstbotiscbeu
530 869 671 928 Auslegers
687 871 744 915 eine
754 869 845 916 blosss
857 869 1035 928 Nacbexeges,
1051 870 1188 918 merroch
1198 885 1247 918 nur
1260 873 1319 919 bier
1328 874 1354 920 in
1365 875 1453 922 diesem

340 961 460 1006 tusserst
473 959 591 1006 seltenen
604 959 689 1017 saue,
709 958 762 1006 und
776 958 801 1004 in
815 959 872 1004 dem
885 958 951 1005 eben
964 971 995 1006 so
1008 961 1140 1016 seltener,
1160 975 1201 1008 wo
1216 963 1259 1010 dis
1271 962 1367 1010 llircbe
1385 967 1452 1011 einen

339 1049 469 1110 genisaco
484 1048 641 1096 Scbrtltstnn
654 1047 813 1109 dogmsttscb
825 1047 958 1096 bestimmt
970 1049 1042 1096 bst.”

294 1133 320 1204 8)
340 1139 420 1200 Cujus
436 1140 476 1188 rei
495 1140 639 1200 exemptum
658 1138 767 1186 babetur
786 1138 814 1184 tu
832 1139 955 1186 Erint‘s
974 1139 1089 1198 theolog.
1102 1140 1270 1201 zeitschrift,
1291 1143 1336 1190 ix.
1348 1145 1451 1205 Jabrgg.

339 1231 413 1278 Tem.
427 1231 448 1278 1.
462 1244 489 1290 p.
509 1230 561 1276 tid
575 1243 649 1290 squ,
667 1228 711 1276 ubl
724 1228 796 1274 locus
813 1226 923 1275 biblicus
941 1228 1017 1276 Joan.
1030 1229 1087 1284 XX,
1108 1230 1152 1276 23.
1172 1229 1204 1276 eb
1221 1231 1345 1278 Ecclesia
1363 1233 1450 1280 sotem-

338 1321 408 1367 ntter
419 1321 567 1367 declaratus
581 1319 663 1381 (eunt.
677 1330 758 1377 suprs
770 1318 795 1378 s.
812 1320 872 1366 tto.
885 1323 940 1366 not.
955 1317 995 1379 3.)
1010 1319 1087 1366 etism
1106 1325 1197 1367 contra
1215 1321 1329 1368 aliorum
1348 1335 1449 1381 perrer-

338 1421 382 1456 sas
402 1410 579 1470 expositiones
594 1408 748 1456 modicatur.

318 1583 346 1652 s.
363 1581 418 1642 mc.
433 1583 463 1643 is
478 1585 611 1658 qemun
625 1582 743 1642 soma
758 1581 885 1644 asbret
898 1583 1060 1657 interpretis
1075 1586 1244 1659 mendose
1259 1586 1396 1646 icem

641 1676 799 1735 mentua
814 1689 867 1736 non
883 1678 1080 1751 amnuens.

352 1821 500 1900 Quamuis
516 1819 664 1884 catholici
684 1821 868 1904 interpretis
883 1822 1047 1888 arbitrium
1061 1823 1258 1904 anthentica,
1282 1845 1379 1907 quam
1395 1826 1451 1890 bn·

264 1949 381 2014 cneque
397 1928 615 2012 exposuimus,
644 1929 906 2012 interpretatione
933 1931 978 1994 its
999 1931 1226 2016 restringatur,
1250 1938 1286 1997 ut
1308 1939 1451 2002 tencatur

263 2058 324 2100 non
340 2037 441 2100 solum
458 2059 578 2102 omnem
594 2038 887 2121 interpretationem
902 2059 1068 2124 respuere,
1093 2059 1172 2124 qnae
1186 2037 1262 2104 lidci
1277 2044 1452 2107 catholicae

262 2145 328 2208 sive
343 2145 526 2230 generatim,
551 2146 617 2209 sive
633 2148 736 2228 quoad
752 2147 904 2230 speciales
920 2147 1082 2212 Ecclesiae
1098 2149 1137 2211 de
1153 2167 1249 2212 sensu
1263 2150 1384 2217 biblico
1401 2153 1454 2215 de-

263 2253 400 2318 cisiones
415 2259 621 2339 repugnaret,
645 2255 701 2318 sed
724 2255 819 2319 etiam
840 2256 930 2319 locos
951 2257 990 2319 ab
1006 2256 1151 2320 Ecclesia
1176 2257 1357 2343 dogmatice
1374 2258 1450 2324 deli-

262 2361 345 2425 nitos
361 2362 495 2443 positive
509 2359 599 2442 juxta
615 2380 740 2425 sensum
763 2362 925 2427 Ecclesiae
940 2363 1160 2446 interpretari,
1191 2365 1223 2427 in
1238 2365 1387 2449 pluribus
1406 2373 1453 2430 ta·

262 2489 332 2532 men
349 2469 523 2532 catholicus
547 2490 671 2554 quoqne
687 2471 845 2555 interpres
865 2469 939 2534 lidei
966 2492 1041 2536 suae
1068 2471 1260 2559 obligatione
1286 2475 1369 2538 adeo
1396 2497 1455 2538 non

262 2577 449 2662 stringitur,
485 2583 519 2641 nt
547 2578 667 2663 integra
700 2579 811 2642 doctae
839 2579 1109 2662 interpretationis
1134 2580 1280 2646 libertate
1307 2585 1453 2668 gandeat.

262 2685 359 2748 Liber
375 2685 489 2769 quippe
506 2691 555 2751 est

353 2797 382 2858 1.
405 2795 437 2857 in
462 2795 651 2879 exponendis
672 2795 772 2873 locis,
797 2795 850 2878 qui
866 2797 904 2858 ad
921 2797 1066 2882 dogmata
1081 2817 1265 2879 morumque
1280 2805 1452 2883 praccepta

258 2903 369 2966 stricte
385 2903 463 2967 talia
477 2924 540 2967 non
556 2907 716 2985 spectant,
741 2903 794 2988 qui
811 2905 971 2968 maximam
987 2923 1013 2967 s.
1031 2905 1217 2988 scripturae
1235 2912 1361 2989 partem
1379 2931 1451 2973 con·
1547 2905 1548 2914 ³

262 3010 397 3073 stitnunt
414 3007 457 3098 ¹).

348 3123 381 3184 2.
405 3119 462 3182 llis
479 3119 664 3184 accensendi
691 3123 765 3182 sunt
787 3117 880 3182 etiam
903 3118 966 3184 loci
991 3141 1028 3184 ex
1051 3119 1226 3204 aliquorum
1249 3124 1446 3188 solummodo

251 3227 375 3311 jndicio
392 3229 577 3314 dogmatici,
602 3229 676 3313 quin
702 3227 740 3290 ab
764 3227 907 3291 Ecclesia
922 3247 984 3310 qua
1006 3228 1087 3294 tales
1106 3230 1258 3294 declarati
1272 3231 1396 3297 inerint
1410 3233 1449 3320 ¹).

350 3337 382 3400 3.
406 3338 523 3403 bibere
538 3359 662 3423 qnoque
679 3342 728 3401 est
744 3335 898 3420 expositio
914 3341 1055 3400 tertuum
1070 3339 1320 3424 dogmaticornm
1337 3349 1372 3406 et
1388 3366 1451 3406 mo·

259 3446 391 3525 reliam,
415 3447 582 3511 dummodo
598 3467 660 3510 non
678 3447 790 3531 dogma
805 3441 983 3528 delinitum,
1008 3447 1064 3510 sed
1088 3467 1203 3511 meram
1214 3449 1450 3537 Tbcologornm

262 3554 437 3636 opinionem
455 3561 623 3620 concernat
639 3553 683 3641 ³).

352 3665 384 3726 l.
408 3663 550 3746 Denique
566 3663 598 3726 in
608 3663 687 3746 ipsis
703 3661 879 3746 dogmatice
895 3658 1031 3725 delinitis
1046 3662 1125 3726 locis
1142 3664 1351 3730 eruditionem
1369 3688 1454 3731 snam

260 3769 428 3852 multiplici
449 3772 573 3834 ratione
597 3791 744 3834 exercere
768 3773 890 3851 potest,
924 3789 981 3832 nec
1005 3792 1067 3834 uon
1090 3772 1231 3851 debebit,
1262 3775 1317 3856 qui
1342 3774 1450 3839 officio

261 3899 318 3941 suo
349 3880 568 3942 satisfacturus
592 3877 744 3962 ejusmodi
765 3876 855 3940 locos
878 3879 970 3940 modo
994 3899 1090 3961 snpra
1111 3881 1275 3966 indigitato
1296 3881 1449 3971 (s.185)

258 3991 397 4050 tractare
413 3983 462 4075 ⁸),
498 3991 531 4050 et
556 3985 724 4070 praecipue
752 3991 862 4049 contra
892 3985 1106 4070 adversarios,
1142 3989 1195 4074 qui
1227 3993 1451 4056 auctoritatem

258 4094 420 4159 Ecclesiae
443 4117 504 4160 non
528 4098 736 4181 agnoscentes
759 4092 833 4156 illos
856 4099 1055 4178 pervertunt,
1079 4097 1206 4180 paribus
1228 4100 1326 4162 armis
1341 4102 1451 4165 delen·

259 4206 335 4267 dere
358 4203 495 4268 voluerit
510 4203 553 4290 ⁵).

289 4347 313 4412 ¹)
334 4353 443 4411 Egregie
464 4351 490 4397 in
509 4351 573 4396 banc
597 4363 652 4397 rem
678 4351 751 4395 bod.
772 4352 839 4396 Ant.
864 4351 1071 4399 biurutorius
1089 4351 1105 4397 l.
1122 4355 1139 4399 1.
1158 4354 1219 4400 libr.
1240 4356 1259 4400 Ι.
1281 4369 1341 4416 cap.
1363 4357 1448 4404 mil.

333 4442 440 4488 scribit:
462 4442 511 4501 „ln
526 4441 651 4500 protense
669 4441 821 4488 tltereturae
842 4441 978 4502 partibus,
999 4443 1050 4488 imo
1063 4443 1089 4488 tn
1110 4445 1175 4504 ipsis
1199 4443 1344 4504 Scripturis
1365 4451 1447 4496 inter·

331 4533 480 4592 pretendis,
501 4532 643 4590 ubicunque
659 4543 710 4577 ncn
730 4532 815 4590 agitur
832 4531 864 4576 de
882 4533 988 4578 salutari
1004 4534 1047 4580 nn
1060 4533 1119 4580 fidei
1139 4539 1165 4582 et
1185 4538 1303 4585 caritatis
1320 4541 1446 4596 doctrina,

329 4637 456 4684 nunqnam
472 4624 508 4670 ita
527 4624 670 4688 premimur
685 4623 841 4670 auctoritate
859 4626 905 4669 eut
924 4625 1061 4670 sanctitate
1081 4629 1125 4672 sut
1140 4627 1285 4674 eruditione
1312 4631 1446 4690 majorum,
