3112 5284
220 439 298 512 284

293 617 402 680 operuit
419 617 475 666 illis
494 631 619 676 cereum,
644 621 674 665 ut
702 617 887 678 intelliperent
913 617 1086 680 Scripturas.
1123 620 1160 666 Et
1185 619 1256 666 dixit
1281 621 1340 666 eis:
1368 619 1411 666 sie

291 711 423 773 seriptum
448 712 503 767 cst,
524 713 550 756 et
574 709 616 757 eie
640 709 785 772 oportebat
807 707 943 756 christum
965 709 1033 772 pail,
1053 711 1080 754 et
1097 721 1247 774 reserpere
1262 724 1282 756 a
1299 709 1410 756 mortuis

292 800 375 846 tertia
396 799 448 846 die.
478 798 576 858 Quibus
597 797 685 844 verbis
698 799 832 846 Dominum
851 799 1208 858 praecipueprsennutistam
1228 803 1325 845 sortem
1342 811 1410 844 susm

291 892 422 942 ultimum,
442 901 533 946 nempe
557 893 665 934 mortem
685 892 817 934 cruentam
839 892 865 934 et
882 889 1101 936 resurrectionem
1119 894 1273 949 spectasse,
1295 902 1327 935 ex
1348 890 1410 933 omui

292 977 579 1039 contemnentibus.
600 977 683 1025 XXlV.
700 991 724 1024 v.
737 992 760 1024 v.
778 979 892 1024 tr-et.
910 979 952 1024 bb.
975 977 1062 1037 liquet.
1100 979 1157 1024 bam
1176 991 1239 1024 vero
1256 979 1332 1024 istam
1352 991 1408 1023 sor·

291 1075 343 1126 tem
362 1069 431 1129 quod
450 1071 555 1125 ettinet,
576 1069 601 1114 lu
621 1071 681 1128 lege
700 1067 782 1114 blosls
798 1067 918 1114 rstlcinis
930 1068 1017 1115 verbis
1032 1070 1175 1116 immediate
1190 1081 1327 1130 expresse,
1347 1081 1409 1127 quae

292 1161 324 1206 sd
344 1173 399 1207 eum
417 1163 552 1218 spectant,
573 1171 625 1206 non
644 1160 881 1219 deprehenduntur.
920 1159 1000 1218 Quem
1019 1161 1120 1206 obrem
1139 1159 1256 1208 dubitare
1274 1160 1408 1214 nonlicet,

296 1249 427 1296 christum
446 1251 556 1296 sdducto
576 1248 654 1296 abeto
683 1250 765 1296 veteri
786 1247 937 1308 Scriptum
962 1251 1086 1296 ationem
1110 1251 1219 1310 typicam
1246 1249 1409 1307 attribuisse,

294 1353 402 1398 eumque
422 1340 579 1398 aperientem
600 1338 752 1398 Scriptum
772 1351 875 1386 sensum
895 1341 1054 1396 ostendisse,
1078 1340 1189 1400 antiquis
1217 1352 1305 1386 rerum
1330 1339 1408 1386 subli-

291 1430 397 1475 miorum
416 1429 651 1475 adumbrationibus
672 1442 720 1475 suo
740 1429 850 1475 adventu
871 1442 914 1476 res
935 1430 1007 1490 ipses
1028 1433 1201 1477 successisse.

245 1513 270 1580 ι)
290 1519 421 1579 EJuemndi
442 1521 499 1576 cst,
521 1519 588 1578 quod
607 1517 680 1563 ioan.
699 1519 748 1577 xl,
770 1519 1003 1579 ie-te.1egitnr,
1024 1523 1066 1567 ubi
1086 1534 1143 1566 cum
1157 1521 1269 1578 Ceiphcs
1284 1520 1409 1578 Synedrio

290 1611 411 1658 dixisset:
432 1609 484 1656 Vos
503 1609 613 1655 nescitis
634 1607 792 1669 quidquam,
822 1610 1032 1670 coenobitatae,
1065 1611 1126 1672 quio
1147 1611 1255 1674 expedit
1272 1611 1358 1670 cobis,
1382 1615 1411 1658 ut

290 1715 358 1749 unus
378 1700 514 1747 moriatur
532 1699 608 1746 bomo
628 1713 681 1762 pro
699 1701 817 1761 populo,
840 1703 866 1745 et
883 1714 938 1746 non
959 1704 1016 1748 toto
1034 1715 1100 1762 qens
1122 1703 1251 1764 pereut.”
1291 1703 1408 1760 llvauge-

290 1793 350 1838 iists
368 1791 516 1850 subjungit:
539 1790 609 1837 iloee
630 1805 646 1838 e
666 1791 808 1851 semetipso
831 1804 886 1837 noo
914 1791 998 1848 dixit,
1025 1793 1073 1839 sed
1095 1807 1153 1840 cum
1181 1796 1252 1840 esset
1277 1791 1409 1854 Pontifex

292 1883 357 1930 anui
382 1883 472 1942 illius,
492 1881 684 1945 prophetavit,
706 1881 777 1942 quod
803 1881 885 1929 Jesue
905 1883 1056 1930 moriturus
1087 1885 1149 1930 eret
1169 1897 1221 1945 pro
1247 1888 1328 1945 pente
1359 1887 1408 1930 etc.

292 1977 347 2034 Quo
362 1976 387 2020 in
410 1973 480 2023 loco.
504 1978 532 2020 ut
554 1975 689 2020 contextus
708 1973 842 2018 manifesto
862 1975 952 2028 docet,
974 1974 1085 2033 caiphas
1101 1976 1215 2032 monuit,
1242 1973 1326 2032 magis
1345 1987 1408 2020 cou-

291 2066 384 2110 duccre
408 2063 495 2109 lesum
518 2077 532 2109 e
552 2063 635 2109 medio
661 2063 732 2116 tolli,
752 2076 824 2122 quam
841 2067 868 2108 nt
891 2066 962 2109 totus
981 2063 1137 2110 ludaeorum
1158 2064 1269 2122 populus
1290 2065 1407 2108 manibus

289 2157 460 2202 Botrianorum
495 2161 594 2216 pereat.
638 2155 685 2201 (lui
714 2155 857 2200 sententiae
881 2155 968 2200 verbis
995 2156 1110 2213 proxime
1135 2155 1311 2215 significatae,
1341 2160 1410 2202 teste

291 2247 407 2303 Joanne,
427 2259 456 2290 ex
474 2247 615 2292 intentione
634 2243 747 2303 Spiritus
764 2247 846 2291 sancti
867 2245 957 2292 subest
978 2258 1071 2292 sensus
1095 2245 1161 2292 allus
1182 2247 1257 2304 longe
1273 2245 1410 2292 sublimior

290 2337 345 2382 hice
366 2339 450 2380 morte
469 2336 564 2381 Christi
582 2336 724 2394 expiatoria
748 2341 828 2382 totum
845 2348 926 2394 genus
941 2337 1077 2383 humanum
1093 2349 1154 2383 esse
1171 2337 1358 2382 redimendum.

247 2419 272 2486 5)
293 2426 444 2483 Exemplum
457 2425 533 2484 hujus
553 2426 593 2471 rei
611 2425 718 2484 praebet
735 2428 808 2474 locus
833 2438 914 2486 supre
934 2425 959 2486 ς.
986 2428 1045 2476 190.
1063 2431 1117 2473 not.
1140 2425 1167 2486 *l
1190 2431 1407 2474 commemoratus

289 2517 368 2563 Hebr.
384 2517 424 2574 lV,
446 2518 469 2562 3,
485 2529 542 2576 sqq.

243 2601 268 2667 ⁶)
291 2607 422 2666 itiusmodi
440 2607 578 2654 discrimen
596 2609 663 2654 inter
681 2622 784 2656 sensum
806 2609 950 2670 Prophetae
970 2613 996 2655 et
1014 2609 1083 2655 luter
1097 2622 1203 2656 sensum
1222 2621 1237 2654 s
1256 2611 1311 2654 Deo
1331 2621 1409 2654 reve-

290 2700 357 2743 lante
383 2699 507 2743 intentum
528 2698 586 2744 hinc
606 2698 664 2746 inde
681 2699 798 2745 obtinere
815 2700 916 2745 videtur
932 2700 957 2744 iu
977 2699 1104 2745 vaticiniis
1121 2699 1152 2744 de
1168 2711 1249 2756 reguo
1265 2699 1406 2744 Messisno.

288 2789 385 2834 Etenim
397 2789 543 2848 Prophetae
557 2791 604 2835 hsc
620 2791 651 2836 de
666 2801 884 2850 renonuunquam
901 2789 937 2836 ita
954 2791 1099 2850 loquuntur,
1120 2794 1148 2835 ut
1166 2802 1272 2848 regnum
1289 2789 1403 2835 blessise

292 2878 508 2938 gloriosissimum
528 2879 644 2938 quidem,
664 2883 706 2926 set
722 2883 848 2926 terrestre
865 2892 928 2938 pree
947 2880 1032 2926 oculis
1052 2880 1151 2926 hahere
1171 2881 1313 2926 videantur.
1343 2879 1410 2936 Quia

288 2971 432 3016 veronens
449 2982 556 3028 regnum
570 2970 681 3018 blesslae
701 2971 836 3030 spirituale
852 2973 1015 3018 constituere
1033 2972 1123 3031 voluit,
1143 2975 1214 3017 recte
1235 2971 1408 3027 concluditur,

290 3060 427 3120 Prophetis
448 3060 585 3106 obscuram
600 3063 700 3106 tantum
720 3062 855 3120 imaginem
872 3062 947 3122 hujus
965 3061 1039 3120 regul
1060 3062 1142 3108 luisse
1165 3065 1350 3118 monstratam,
1371 3063 1409 3108 ita

289 3157 317 3196 ut
334 3151 385 3210 ipsi
399 3152 574 3198 sublimiorem
593 3151 706 3210 ciusdem
724 3156 840 3198 naturam
856 3165 906 3198 non
924 3154 997 3212 plene
1013 3153 1205 3212 perspicerent.
1234 3152 1308 3198 coni.
1329 3166 1409 3211 supra

288 3241 311 3302 5.
328 3241 372 3286 85.
393 3245 445 3287 not.
466 3243 492 3287 o.
531 3243 569 3288 Dc
585 3253 668 3288 sensu
686 3241 832 3304 subjective
853 3247 878 3288 et
899 3243 1028 3304 objectiva
1044 3243 1102 3288 vide
1122 3240 1301 3288 Achermomu'
1317 3241 1405 3287 intro-

289 3331 450 3386 ductionem,
470 3331 495 3392 S.
517 3333 559 3378 tt.
579 3344 639 3392 peg-
659 3332 811 3378 eeu-225.

242 3415 267 3482 Ἰ)
289 3421 408 3482 Exempla
435 3422 657 3480 interpretationis
684 3422 832 3477 ecciesiae,
871 3435 885 3467 e
919 3423 1008 3482 quibus
1035 3421 1148 3480 ejusdem
1175 3423 1284 3468 mentem
1318 3421 1407 3466 sensui

288 3515 393 3569 mystico
414 3511 623 3569 patrocinantem
650 3524 811 3571 cognosces,
830 3513 888 3558 vide
908 3513 932 3572 s.
952 3513 1064 3572 proxime
1082 3515 1216 3570 sequente·

242 3592 268 3660 ⁸)
290 3603 455 3660 Quantopere
484 3603 614 3659 mysticum
635 3603 823 3662 interpretandi
846 3604 973 3650 rationem
1000 3603 1091 3648 Judeei
1122 3605 1149 3647 et
1181 3599 1345 3655 christiani,
1381 3603 1406 3646 et

289 3691 390 3751 quidem
409 3691 535 3738 catholici
554 3694 579 3738 ct
595 3692 774 3740 Protestantes
796 3693 939 3754 coluerint,
960 3694 1059 3738 dicetur
1073 3691 1140 3738 intra
1153 3691 1232 3737 Parte
1245 3691 1274 3736 ll.
1290 3691 1360 3737 Sect.
1373 3691 1406 3736 li.

289 3783 315 3828 in
338 3781 445 3828 hlstoria
464 3793 614 3839 exegeseos.
638 3782 713 3828 Ceut,
733 3784 782 3829 Fr.
809 3784 957 3835 bilimer,
984 3783 1122 3829 liandbuch
1144 3782 1191 3828 der
1213 3781 1259 3826 bit.
1276 3783 1406 3840 Dogmeu·

290 3871 448 3932 geschichte.
469 3871 541 3918 tht.
565 3871 642 3918 1802.
663 3873 692 3919 Τ.
712 3874 731 3919 1.
752 3887 777 3934 p.
797 3875 950 3922 bod-230.

458 4053 482 4112 s.
498 4043 552 4102 too.
568 4043 688 4118 nosulae
704 4058 754 4121 pro
771 4058 852 4106 seusu
867 4047 983 4118 nysdoo
1000 4045 1172 4120 explorando.

308 4192 377 4254 lam
404 4213 439 4255 ex
463 4197 573 4256 natura
595 4214 706 4259 sensns
731 4196 857 4280 mystici
880 4195 1013 4281 intelligi
1034 4200 1155 4278 potest,
1182 4193 1250 4276 ejus
1275 4192 1405 4255 investi·

217 4302 374 4386 gationcm
400 4306 448 4364 sat
475 4299 634 4366 difficilem
664 4307 695 4364 et
722 4305 873 4368 incertum
898 4324 983 4383 esse,
1015 4303 1075 4367 nisi
1101 4301 1200 4366 firmis
1224 4301 1404 4386 praeceptis

217 4411 381 4494 dirigatur.
429 4411 550 4474 Etenim
573 4411 645 4496 quie
661 4412 822 4492 locorum,
848 4413 960 4498 quibus
981 4412 1033 4476 hic
1050 4431 1161 4474 sensus
1178 4411 1312 4475 subesse
1330 4431 1402 4472 ceu-

217 4521 334 4583 seudus
367 4526 434 4601 est,
469 4541 535 4584 amn
563 4521 716 4588 rationem
743 4543 814 4588 esse
844 4522 994 4601 diximus,
1029 4527 1064 4586 ui
1087 4521 1243 4602 duplicem
1267 4539 1400 4593 sensnm,

217 4631 343 4712 nsoter
360 4647 427 4692 eam
445 4650 571 4714 nempe,
595 4650 686 4713 mrem
701 4631 796 4697 verbe
812 4631 989 4696 iiumedicte
1005 4630 1192 4714 exprimunt,
1216 4628 1312 4692 alium
1327 4625 1401 4690 sub-
