3120 5294
1251 479 1325 556 ¹15

132 645 267 719 vocilius
283 661 376 740 atque
391 654 539 738 loquendi
554 655 655 719 modis
670 654 703 718 in
721 654 849 740 scriptis
865 657 956 722 unius
974 656 1134 740 subjectae
1160 657 1325 740 reperiun-

134 768 199 840 tur,
221 777 346 844 semper
368 763 407 825 ad
431 762 554 825 easdem
577 781 708 844 prorsus
729 763 873 826 notiones
897 765 1063 827 earundem
1091 763 1325 845 expressionum

134 869 168 932 in
184 871 314 955 scriptis
329 869 460 934 alterius
476 870 617 956 legitime
634 869 840 934 concludatur
851 869 894 958 ¹).
928 869 1017 936 Unde
1041 871 1133 936 simul
1150 868 1327 955 coniicitur,

135 980 295 1062 quomodo
311 999 388 1042 usus
404 979 466 1042 iste
483 983 628 1058 eruetur,
650 999 777 1062 nempe:

228 1089 259 1152 l.
284 1087 398 1152 Studio
414 1107 490 1150 usus
506 1086 701 1172 singulorum
717 1093 883 1153 auctorum
898 1087 939 1152 N.
955 1089 1005 1172 Τ,
1030 1109 1099 1152 cum
1115 1089 1200 1152 sicut
1214 1089 1246 1152 in
1261 1087 1330 1153 dic·

135 1195 223 1259 tione
238 1195 421 1281 generatim,
438 1195 483 1259 ita
499 1195 592 1259 etiam
608 1195 640 1258 in
656 1196 750 1258 rebus
772 1195 951 1259 christianis
969 1195 1168 1281 designandis
1196 1195 1329 1280 qnilssret

134 1304 251 1368 habeat
266 1324 340 1367 suas
354 1303 531 1388 peculiares
547 1303 596 1367 uel
612 1305 770 1367 adamatos
786 1305 1004 1388 expressiones
1016 1310 1070 1368 aut
1082 1302 1329 1390 significationes

138 1411 211 1494 plns
227 1413 367 1475 minusne
390 1412 611 1475 determinatas
624 1408 667 1499 ⁸).

228 1523 261 1585 2.
285 1522 331 1584 lix
355 1521 524 1584 collatione
547 1521 682 1584 omnium
699 1519 983 1606 hagiographorum
1004 1520 1044 1584 N.
1068 1521 1126 1601 m,
1150 1522 1204 1606 qni
1228 1542 1266 1587 er
1280 1523 1328 1587 rei

136 1635 249 1692 natura
269 1629 360 1692 unius
383 1629 527 1715 magistri
548 1629 726 1712 auditores,
752 1627 890 1710 ejusdem
913 1629 982 1693 aeui
1005 1649 1041 1692 ac
1069 1629 1231 1715 religionis
1254 1651 1329 1716 par-

137 1737 273 1820 ticipes,
291 1735 427 1819 ejusdcm
446 1757 580 1821 qnoque,
598 1736 626 1798 si
642 1737 789 1819 quasdam
805 1735 998 1821 singulorum
1015 1736 1226 1820 proprietates
1246 1739 1332 1803 erci-

136 1846 224 1928 pias,
248 1845 395 1928 loquendi
412 1865 487 1906 usus
504 1843 617 1906 aemuli
632 1846 719 1906 recte
735 1843 868 1906 habendi
884 1848 957 1906 sunt
970 1839 1014 1929 l).

226 1957 259 2020 3.
283 1953 329 2016 lix
352 1953 575 2034 antiquissimis
598 1949 759 2016 Ecclesiae
781 1952 946 2034 patribus,
980 1951 1034 2034 qui
1061 1970 1150 2015 usum
1181 1951 1330 2037 loquendi

136 2061 175 2124 de
200 2061 295 2124 rehus
318 2061 498 2145 christianis
514 2059 564 2124 vel
591 2059 768 2124 immediate
792 2060 830 2122 ah
857 2058 1022 2142 Apostolis
1046 2059 1248 2144 docebantur,
1279 2061 1330 2125 vel

136 2170 261 2234 aliunde
285 2169 367 2232 scire
392 2169 563 2246 dehebant,
588 2189 649 2250 quo
666 2187 759 2232 sensu
774 2165 884 2232 fideles
909 2167 994 2230 illins
1021 2167 1173 2251 temporis
1201 2188 1329 2252 expres-

136 2279 243 2341 siones
264 2278 303 2339 ad
330 2275 503 2340 doctrinam
532 2281 564 2338 et
585 2275 759 2339 Ecclesiam
787 2275 907 2340 Christi
934 2281 1113 2359 spectantes
1138 2277 1328 2360 acceperint.

136 2385 207 2448 lluc
235 2385 376 2468 inprimis
398 2385 555 2466 pertinent
588 2383 773 2448 Clemens
795 2385 1016 2462 Romanus,
1051 2384 1236 2468 lgnatins
1270 2386 1331 2467 lll.,

136 2493 409 2575 Polycarpns,
432 2491 625 2554 lustinus
648 2493 705 2570 Μ.,
730 2493 937 2573 lrcnaeus,
962 2489 1330 2588 Hippolytus,Cp-

135 2601 267 2664 rillus
291 2599 691 2682 Hierosolymitanus
715 2599 830 2684 aliique
844 2595 886 2687 ⁵).

228 2707 393 2772 Caeterum
409 2711 515 2790 patres
542 2707 666 2792 graeci,
692 2709 746 2791 qui
762 2709 800 2772 ah
816 2712 919 2772 aetate
936 2707 1162 2791 Apostolorum
1178 2709 1329 2772 remotio-

133 2836 188 2880 res
210 2821 304 2894 sunt,
326 2816 366 2878 ad
395 2815 592 2897 explicandas
615 2816 657 2880 N.
684 2817 722 2878 T.
746 2816 963 2900 expressiones
991 2821 1082 2880 caute
1113 2816 1329 2897 adhiheentur,

132 2923 208 3007 quia
231 2925 314 2988 haud
338 2943 412 2987 raro
437 2945 506 2986 cnm
530 2923 753 3010 hagiographis
776 2925 886 2988 iisdem
914 2924 1037 3008 quidem
1060 2929 1191 2987 utuntur
1211 2925 1326 3003 verbis,

132 3031 190 3096 sed
208 3051 301 3094 sensu
319 3031 412 3118 louge
428 3032 553 3095 diverso
566 3027 610 3121 ⁸).

156 3227 184 3293 ι)
204 3232 257 3280 Sic.
277 3247 302 3280 e.
321 3245 347 3292 g.
368 3227 543 3301 Πρισβύτεροι
562 3237 590 3280 et
612 3227 766 3280 Ἐπίσκοποι
783 3234 856 3294 quui
874 3235 1022 3292 promiscue
1041 3239 1174 3292 ponuntur
1191 3233 1224 3281 ab
1242 3234 1325 3292 initio,
1359 3275 1368 3300 ,

205 3323 319 3382 mois
338 3323 475 3370 discrimen
495 3324 591 3383 medus
610 3327 637 3369 et
655 3315 835 3370 subordinatis
850 3322 903 3382 lem
920 3323 1038 3369 aderaut.
1071 3322 1146 3370 Coni.
1165 3323 1212 3370 Die
1230 3323 1325 3382 heiliga

206 3411 303 3459 Schriit
321 3425 372 3458 vcu
391 3414 417 3461 J.
435 3414 483 3460 Fr.
502 3413 624 3460 Anicii
643 3412 675 3459 ed
693 3412 750 3460 Act.
771 3413 828 3470 XX,
850 3415 894 3459 17.
915 3413 960 3460 28.
981 3414 1001 3460 Ι.
1022 3413 1086 3460 Tim.
1104 3412 1156 3472 ΙΙΙ,
1179 3415 1204 3458 Ι.

155 3493 184 3562 ²)
203 3501 324 3560 llxempio
343 3503 378 3548 sit
396 3501 545 3550 vocobulum
564 3497 665 3558 πίστις,
693 3503 760 3562 quud
778 3516 794 3548 a
812 3502 914 3548 Paulo
940 3501 1050 3563 poesim,
1079 3502 1232 3560 praesertim
1251 3501 1323 3548 Rom.

204 3591 250 3646 ΙΙΙ,
269 3591 397 3651 25-30„
416 3593 443 3638 tn
459 3588 604 3652 significatu
622 3591 710 3638 latiori
727 3592 760 3638 du
774 3591 826 3653 fide
842 3591 983 3640 doctrinm
997 3591 1163 3639 christianae
1187 3590 1324 3653 praestito

205 3679 348 3741 museto
366 3695 425 3730 cum
442 3681 551 3730 sirmis
570 3681 735 3730 atristionoe
752 3682 842 3730 studio
861 3682 997 3742 accipitur,
1019 3685 1109 3730 contra
1126 3681 1196 3728 Juc.
1215 3681 1254 3738 ΙΙ,
1276 3682 1319 3728 ΙΙ.

203 3783 261 3830 sqq.
290 3772 379 3816 eudem
404 3771 555 3834 expressio,
594 3775 684 3832 utpote
712 3773 833 3831 opposita
858 3771 914 3828 τοῖς
933 3765 1035 3839 ἔργοις,
1055 3772 1087 3818 de
1114 3773 1184 3819 nudo
1211 3782 1324 3819 assues

202 3860 333 3921 religioni
350 3861 518 3910 christianae
536 3862 638 3910 tritecto
656 3864 770 3923 ponitur.

152 3945 181 4012 ⁸)
201 3950 276 3998 Cani.
297 3950 322 4010 ς.
343 3953 386 3998 ⁷1.
406 3956 460 3998 uct.
479 3953 505 3998 2.

150 4034 181 4105 ι)
201 4041 299 4100 Quare,
326 4041 386 4100 quid
405 4041 528 4088 voeuhulu
545 4043 665 4102 religioni
684 4043 841 4090 christianae
859 4043 966 4102 proprie
984 4045 1011 4088 et
1029 4040 1103 4100 quasi
1122 4041 1252 4096 tectonica,
1280 4047 1323 4088 eut

203 4133 276 4176 certe
293 4131 400 4190 propria
411 4130 597 4191 significatione
609 4135 734 4192 praedita,
753 4135 830 4180 veluti
848 4129 981 4197 μιτάνοια,
999 4128 1096 4199 χάρις,
1113 4128 1255 4198 μυστήριον
1272 4135 1322 4178 cte.

202 4220 338 4274 denotent,
357 4220 520 4280 potissimum
539 4235 570 4268 ex
588 4224 694 4283 seriptle
713 4224 743 4270 N.
763 4223 793 4269 Τ.
811 4222 960 4270 &cendum
979 4225 1032 4268 est.

152 4301 181 4366 ⁵)
200 4309 402 4366 exemplemur
421 4311 727 4372 ptholomeo-christiani
754 4314 818 4358 haec
845 4315 923 4360 sunta
952 4312 973 4357 Ι.
993 4311 1054 4358 Cor.
1083 4310 1123 4366 ΙΙ,
1154 4311 1197 4358 Ιο.
1221 4308 1322 4374 πνεῦμα

203 4391 297 4465 ἰριυνᾷ
316 4397 359 4447 καὶ
378 4396 411 4447 τὰ
430 4393 508 4466 βάθη
527 4398 558 4448 τῦ
577 4399 625 4448 ‚isai
643 4403 725 4448 lucem
744 4402 813 4459 capit
831 4413 862 4446 ex
882 4399 998 4460 Cyrtll.
1017 4399 1233 4458 Hierosolym.
1263 4399 1319 4446 cot.

201 4489 244 4536 ΣΙ.
265 4503 290 4549 p.
304 4491 377 4546 222..
395 4492 440 4538 ubl
459 4486 566 4560 ἰριυνᾷν
585 4505 642 4540 eum
659 4487 813 4558 pippinorum
832 4495 1006 4556 permutetur,
1026 4495 1101 4539 etex
1121 4490 1220 4538 Clem.
1238 4491 1322 4537 Rom.

201 4591 243 4638 ep.
265 4579 283 4624 i.
302 4580 335 4626 ad
353 4581 414 4628 Cor.
434 4596 460 4642 p.
482 4583 546 4644 ta,
574 4583 618 4630 nini
637 4580 671 4631 τὰ
689 4575 766 4648 βάθη
784 4583 832 4639 τῆς
850 4579 928 4636 θείας
946 4576 1071 4645 γνώσεως
1089 4593 1136 4638 pro
1156 4581 1269 4626 Paulinis
1288 4577 1320 4626 rui

199 4659 277 4732 fiir-in
295 4665 327 4716 τῦ
346 4667 396 4718 Sui
414 4675 559 4731 ponuntur.
579 4674 616 4720 ita
636 4678 664 4721 ut
684 4675 786 4733 pateat,
806 4674 871 4720 haec
894 4675 1001 4729 acceptu
1028 4683 1087 4718 esse
1112 4670 1144 4715 de
1165 4669 1316 4728 Evangelio,
