3112 5284
1225 406 1302 482 3⁰5

199 589 225 634 in
252 587 295 634 ito
319 590 406 636 tarrae
430 589 499 634 motu
517 589 595 646 rupta
622 588 649 632 at
667 587 759 644 aperta
783 587 843 632 auat
862 587 980 646 sepuiora
999 587 1135 646 nonnulla,
1164 588 1191 636 in
1209 587 1301 648 quibua

198 687 310 738 eorpora
332 678 461 726 hominum
488 677 595 726 nonita
619 676 717 736 pridem
740 679 898 726 momorum
922 677 1027 726 aondlta
1043 681 1125 726 want·
1161 677 1302 736 (talavera,

197 781 261 829 qnae
279 767 322 816 vel
340 771 414 815 areat
431 769 504 816 ruina
523 777 657 826 oppressa,
675 765 718 814 val
734 777 749 812 a
767 765 946 816 oanltaaterla
965 768 1099 828 daroma,
1117 779 1168 816 nou
1183 770 1299 830 reperia-

197 859 302 906 tantur.
339 859 403 906 Poat
419 858 517 908 christi
535 869 597 905 vero
616 857 833 904 namnetlomm
852 858 984 906 modullis
995 859 1047 919 plia
1065 857 1305 919 ummaolymltanis

200 949 276 998 aniel
295 953 323 998 et
341 951 480 997 lamlliarea
499 949 614 996 delunofi
631 949 657 996 ln
672 949 778 1004 somnia,
796 950 839 996 val
855 950 882 996 in
899 949 999 997 ruiana
1015 947 1182 1010 vlgllantlbua
1194 961 1304 1011 appara-

200 1039 274 1096 bant,
305 1051 384 1100 aequa
410 1041 437 1086 in
463 1039 542 1086 vitan
565 1037 678 1086 rediisse
705 1038 738 1086 u·
765 1037 944 1087 attondebunt.
989 1038 1151 1099 ilatttaaua,
1184 1041 1245 1100 qum
1273 1041 1305 1088 de

197 1129 320 1180 muaaulo
348 1132 489 1191 eogitaret,
514 1129 666 1188 simpliciter
689 1129 786 1189 retem,
809 1141 875 1189 qnae
899 1128 1074 1180 narratantur
1095 1141 1111 1178 a
1136 1123 1261 1188 πολλοῖς,
1279 1134 1308 1178 nt

200 1223 363 1276 ostenderet,
390 1223 509 1282 quantam
533 1220 584 1266 vin
612 1220 638 1266 la
662 1219 761 1268 aalma·
791 1220 919 1268 heminam
948 1220 1115 1278 hatuiuant,
1150 1224 1309 1282 quamopere

198 1325 244 1361 aaa
262 1312 289 1359 ln
309 1313 503 1360 admirationem
521 1312 670 1370 rapuiaaant
688 1323 738 1372 aa,
757 1323 823 1372 quaa
842 1313 869 1359 in
882 1314 965 1362 morta
977 1311 1041 1362 don
1054 1312 1232 1361 mnlauut·”

251 1419 349 1469 Contra
378 1419 410 1468 ad
435 1418 509 1467 Joan.
530 1419 572 1480 ll,
595 1421 709 1476 l—lt,
727 1419 771 1467 ubl
793 1421 927 1477 rotamur,
957 1419 1045 1468 desum
1066 1419 1150 1468 cauae
1172 1419 1304 1468 Galilaeae

202 1511 352 1559 interlnlsre
373 1521 424 1557 nna
438 1523 494 1558 oum
515 1511 647 1570 dlaoipulla
665 1510 721 1557 auls
749 1510 866 1558 convivio
891 1512 1015 1572 nuptlall‚
1043 1514 1071 1559 et
1098 1510 1211 1558 oonvlvis
1235 1521 1298 1569 pro·

201 1613 307 1649 ourasse
323 1601 377 1647 alni
396 1601 513 1660 copiam,
530 1601 676 1648 tenuant
694 1599 811 1660 quidem,
832 1601 856 1648 ai
875 1613 972 1660 pauoos
991 1601 1120 1661 exolplas,
1139 1602 1217 1648 etlam
1235 1599 1303 1646 Pro-

196 1692 348 1739 tastantlnm
377 1691 555 1750 interpretes,
585 1691 771 1751 livangailstam
798 1692 945 1739 miraculum
974 1703 1081 1739 narrare
1114 1691 1248 1752 voluisse,
1273 1691 1300 1738 ld

196 1782 262 1841 qaod
283 1781 438 1829 umatunlr
454 1781 556 1829 indoles
575 1783 754 1838 tremuntur
774 1783 816 1828 sat
835 1780 968 1827 ortdanter
989 1780 1081 1839 deusta
1109 1779 1155 1828 aad
1177 1783 1298 1827 adcurate

198 1872 393 1922 mammutium
410 1883 472 1920 esee
490 1871 667 1930 praeeipluut,
685 1871 746 1930 quld
764 1871 946 1931 avangelista,
975 1871 1018 1930 qul
1043 1869 1217 1931 ignaram,
1236 1881 1301 1930 quo·

195 1963 269 2010 mode
298 1963 383 2014 viuum
417 1973 432 2010 a
468 1959 533 2008 Jasu
565 1963 729 2020 procuratum
759 1961 855 2020 luerit,
888 1961 945 2020 ipse
971 1959 1127 2020 tradiderit,
1158 1961 1186 2010 et
1208 1968 1301 2006 narra·

197 2054 278 2109 verit,
304 2055 331 2100 et
357 2051 483 2111 quomodo
511 2061 554 2100 res
585 2062 644 2098 sese
669 2049 794 2098 habuerit.
831 2051 933 2110 llaapse
960 2050 1108 2098 miraculum
1133 2061 1184 2098 non
1207 2048 1300 2096 admlt·

198 2143 319 2199 tendum,
359 2143 406 2190 sed
441 2156 496 2190 ram
531 2155 627 2190 omnem
655 2155 669 2190 a
702 2144 786 2190 tausis
828 2121 986 2190 natrffalibus
1028 2141 1205 2201 expunandam
1242 2152 1301 2188 esse

196 2233 353 2280 arbitrantur
380 2236 541 2289 statuentes,
571 2237 658 2280 tasum
687 2235 849 2293 apparltores
872 2234 987 2294 Jnsrlsaa
1005 2245 1070 2294 aqua
1088 2233 1190 2292 hydrias
1215 2231 1300 2292 repie-

201 2337 248 2385 re,
279 2337 326 2372 eoa
351 2337 414 2372 vero
442 2337 472 2371 aa
498 2326 639 2383 oomposlto
668 2326 754 2372 vinum
782 2338 797 2372 a
824 2326 889 2372 desa
913 2325 981 2372 olam
1009 2327 1175 2386 prostratum
1207 2323 1305 2382 lydi-lla

193 2415 332 2464 tutudisse.
369 2414 434 2463 Vide
460 2415 492 2462 ad
513 2418 646 2476 auumque
672 2415 755 2464 lotum
780 2415 922 2464 liuinoel
940 2414 1151 2464 conuenturum
1174 2413 1202 2462 ln
1218 2412 1298 2460 libros

195 2505 335 2554 historicas
357 2505 389 2553 N.
414 2504 442 2551 Τ.
472 2505 552 2566 cujus
575 2506 677 2566 generis
701 2505 873 2565 explicatione
893 2507 1055 2554 narrationes
1074 2503 1184 2552 blhlloae
1210 2502 1303 2550 additia

198 2599 242 2642 ant
258 2597 394 2645 immutatis
418 2595 562 2656 adjunctis,
582 2597 682 2644 nonnisi
703 2609 734 2644 ax
756 2595 866 2644 cerebro
887 2597 1041 2656 depromtia,
1070 2595 1107 2642 ita
1130 2596 1301 2642 extenuantur

196 2691 223 2732 et
242 2685 429 2742 deformantur,
449 2690 477 2732 nt
494 2687 564 2733 laeta
585 2689 688 2734 nauata
709 2689 864 2734 miraculosa
882 2699 942 2734 esse
961 2687 1089 2746 desinant,
1108 2687 1135 2732 et
1151 2685 1178 2732 in
1199 2687 1304 2732 aventus

200 2787 270 2822 mere
288 2775 419 2823 naturales
432 2775 545 2836 abeant3
564 2789 652 2824 verum
665 2777 772 2836 addere,
786 2777 897 2832 demere,
910 2777 962 2823 vim
976 2777 1073 2823 interra
1085 2773 1173 2823 verbis
1187 2787 1209 2820 s.
1220 2772 1308 2832 Sosip-

195 2868 271 2913 tnraa
291 2877 343 2912 uon
361 2868 403 2913 eat
422 2877 476 2912 eam
495 2877 643 2925 exponere,
661 2867 708 2914 aad
726 2877 901 2926 eorrumpere.
947 2864 981 2912 Ut
997 2868 1110 2919 taoean,
1139 2863 1188 2911 tali
1213 2862 1297 2922 expli·

196 2956 269 3004 enodi
297 2956 398 3004 mtlone
427 2953 503 3006 lolem
534 2956 687 3006 histerleam
714 2959 740 3004 at
766 2957 959 3018 inspirationem
987 2961 1121 3004 sannorum
1150 2953 1302 3012 emlptornrn

197 3046 272 3106 plana
287 3047 362 3097 eludi.

153 3145 180 3213 ⁸)
199 3155 229 3202 a.
248 3167 274 3216 ς.
297 3155 364 3216 quod
383 3155 474 3202 attinet
496 3156 669 3227 narrationem
687 3154 761 3202 Jaan.
781 3155 815 3210 V,
841 3155 867 3200 2.
886 3167 942 3214 sqq.
968 3154 1000 3200 de
1025 3153 1125 3212 pisolna
1147 3154 1179 3200 nd
1206 3156 1304 3212 portam

195 3246 315 3292 aviarium
331 3239 527 3306 Hierosolymis,
543 3246 568 3292 ln
588 3259 638 3306 qua
657 3247 756 3305 aegroti
773 3244 943 3296 sanabantur,
967 3246 1054 3304 potest
1072 3244 1172 3304 quidem
1187 3245 1303 3304 ooneedl,

197 3337 259 3384 lllud
277 3337 407 3384 lavacrum
425 3335 539 3384 thermae
558 3336 657 3398 iniisse,
677 3350 742 3395 quae
761 3337 836 3382 statis
854 3333 1013 3394 temporibus
1029 3334 1200 3382 subterraneo
1220 3336 1305 3382 calore

197 3425 348 3473 ebullientes
367 3427 418 3472 viru
437 3427 545 3473 sanandi
563 3426 703 3472 naturalem
721 3425 865 3472 habuerint.
899 3427 933 3472 at
951 3426 975 3472 si
993 3438 1019 3470 v.
1040 3425 1064 3471 3.
1084 3425 1184 3483 aegroti
1203 3435 1305 3472 enume-

193 3519 282 3563 rantur
300 3508 503 3577 (ἀσθίνοῦντες,
522 3509 633 3580 τυφλοὶ,
651 3509 757 3579 χωλοὶ,
777 3508 882 3582 ξηροὶ),
904 3518 930 3560 et
944 3527 969 3560 v.
986 3515 1010 3560 t.
1030 3513 1167 3569 asseritur,
1186 3513 1304 3575 patum-

196 3620 245 3668 aae
259 3606 363 3671 primur
375 3609 439 3671 pert
456 3618 589 3669 opum
606 3609 706 3656 motam
725 3619 755 3654 ee
775 3606 950 3654 immersisset
966 3606 1135 3662 convaluisse,
1158 3598 1195 3670 (ᾧ
1212 3599 1305 3663 δήποτε

194 3692 327 3764 κατέιχετο
346 3694 488 3758 νοσήματι)
507 3709 661 3760 munuae
685 3698 791 3746 taedeat
808 3696 977 3744 iotoroaara't
1001 3695 1114 3752 merto,
1139 3708 1191 3744 non
1218 3700 1305 3758 potent

194 3790 301 3848 negari,
321 3787 421 3836 viribus
437 3790 592 3838 thermarum
607 3789 768 3838 naturalitus
783 3789 927 3836 accessisse
944 3789 1064 3834 virtutem
1078 3788 1304 3836 extraordinariam

196 3890 226 3924 ao
245 3878 474 3939 supernaturalem,
492 3879 554 3940 quin
570 3877 658 3926 verbis
673 3877 853 3938 Evangelistae
870 3877 909 3924 vla
919 3878 1053 3928 toleratur.
1070 3877 1175 3940 confer,
1194 3891 1261 3939 quae
1273 3879 1305 3924 de

194 3968 284 4016 eodem
302 3967 371 4016 laeto
393 3968 463 4016 diota
481 3973 541 4016 sunt
559 3979 638 4030 supra
655 3969 682 4028 s.
705 3969 764 4016 iti.
782 3971 837 4014 not.
858 3970 901 4016 lt.

147 4067 172 4134 ⁰)
192 4077 255 4139 „liei
274 4079 346 4126 einer
369 4075 543 4137 Barabanlrait
559 4079 626 4125 kann
653 4080 709 4128 sloh
732 4081 776 4127 das
802 4077 1110 4140 promisci-exspatiata
1131 4077 1302 4126 Naohdenlran

193 4168 306 4216 montena
336 4167 372 4230 a)
395 4171 440 4216 aul
459 4168 508 4216 daa
531 4171 795 4230 Vorausgegangene,
821 4171 910 4218 womlt
929 4171 1042 4220 dlesalte
1060 4171 1300 4230 aaeammanlrtngtr

194 4255 228 4318 d)
248 4260 294 4306 aui
310 4259 352 4306 dle
369 4259 520 4320 Personen,
539 4273 579 4307 um
601 4261 681 4308 deren
706 4261 798 4308 lilllen
818 4263 857 4308 sie
884 4261 1029 4320 gesehahen
1056 4261 1109 4320 ist,
1140 4261 1191 4307 und
1222 4260 1303 4306 deren

195 4347 304 4396 dweeka
323 4347 363 4396 ala
383 4349 493 4396 idrdern
508 4349 604 4408 sollte,
623 4348 657 4410 a)
676 4349 722 4396 aul
737 4350 779 4396 dia
795 4349 971 4408 {tesmenhalt
989 4361 1022 4396 an
1040 4350 1110 4406 slah,
1131 4349 1179 4396 das
1196 4351 1239 4407 ist,
1260 4345 1305 4394 a'ul

193 4437 254 4494 dae,
273 4451 328 4485 was
344 4439 375 4484 da
394 4439 540 4498 gottheiten
558 4440 609 4498 latr
627 4437 663 4500 d)
682 4439 727 4485 aut
742 4439 785 4484 die
804 4439 882 4494 deit,
907 4451 1001 4500 wann,
1031 4441 1077 4486 aui
1094 4439 1141 4484 den
1164 4439 1230 4493 Ort,
1250 4449 1300 4498 wo,

194 4528 247 4574 und
263 4531 308 4575 aul
324 4529 365 4575 die
383 4528 534 4582 Umstdude,
554 4533 629 4576 unter
644 4530 727 4575 denen
748 4529 787 4575 sie
809 4529 863 4575 siolo
883 4533 1039 4589 nugatrageu
1056 4529 1120 4588 llat3
1146 4526 1177 4588 a)
1200 4527 1244 4574 aui
1261 4528 1303 4574 die

194 4618 289 4676 Fulgen
309 4619 356 4665 der
374 4619 563 4680 Begebeulreit3
589 4617 622 4680 f)
646 4619 692 4666 aul
711 4619 752 4666 die
770 4619 876 4676 Weise,
899 4621 950 4666 wie
970 4619 1008 4665 sie
1032 4619 1104 4664 dleee
1125 4618 1220 4676 Folgen
1244 4617 1303 4663 irer-

157 4727 234 4769 Herm.
254 4727 349 4772 biblica.
368 4729 396 4771 ll.
1059 4723 1095 4774 20
