3120 5294
1278 424 1354 500 135

236 619 294 655 nem
321 601 391 654 sarri
418 599 575 656 centurionis
604 607 672 655 iutsr
700 607 774 667 hujus
802 608 904 666 pencris
931 605 1053 652 miracuta
1071 606 1205 666 speciatim
1224 607 1355 654 recensita

235 709 253 744 a
269 696 395 745 Matthaoo
413 697 485 758 vin,
506 698 532 744 5.
544 711 600 758 sqq.
622 697 734 744 seeundo
753 698 812 744 ioco
832 696 941 756 positam
961 695 1123 742 inserendam
1143 708 1203 742 esse
1223 695 1351 742 arbitran-

235 791 279 834 tur
297 787 422 834 historiae
447 788 611 847 evangelicas
637 781 769 847 sequiori,
797 791 888 846 utpote
906 787 948 834 cui
967 785 1059 832 meiius
1088 790 1262 846 congrueret,
1293 787 1354 846 quia

236 878 328 925 eximia
346 878 504 926 centurionis
523 877 586 925 tides
605 892 621 925 a
639 879 747 930 Domino
768 879 872 926 laudata
889 876 1008 936 pluribus
1028 877 1206 924 curationibus
1225 889 1241 922 a
1259 876 1352 923 Satra-

235 971 296 1015 tora
314 968 428 1026 peractis
447 967 549 1014 facilius
569 968 690 1026 explicari
709 971 817 1027 posset,
838 968 903 1014 haec
922 968 1005 1013 minus
1025 965 1097 1012 drusa
1115 970 1193 1024 sunt,
1212 979 1269 1012 com
1288 979 1353 1025 pro·

236 1057 306 1102 tecto
332 1057 381 1103 aiis
408 1069 509 1116 quoque
527 1057 639 1115 insignia
656 1057 726 1105 iacta
744 1057 776 1104 ah
795 1058 845 1104 hoc
863 1057 1029 1115 hranpciists
1047 1057 1185 1116 separatim
1203 1069 1254 1102 oon
1274 1069 1354 1116 expo-

228 1141 305 1202 'stra‚
334 1145 425 1206 quihus
453 1147 525 1193 initia
543 1146 660 1206 publicos
678 1147 746 1194 ritae
765 1148 829 1194 iesu
848 1147 954 1194 subistis
973 1147 1099 1192 homiuum
1118 1143 1309 1194 infirmitatibus
1328 1151 1355 1194 et

237 1236 387 1295 indigentiis
406 1236 619 1296 discutiantur,
639 1239 800 1286 centurionis
820 1237 895 1284 tidem
915 1238 1028 1284 excitare
1048 1241 1075 1284 at
1094 1236 1247 1284 confirmare
1259 1240 1354 1296 potue-

239 1328 303 1373 rint.
331 1325 731 1387 vtdctosn.tt‚t.sqq.1v‚
761 1329 805 1376 id.
834 1326 1179 1388 sqq.tuc.1v,23.colt
1205 1328 1294 1375 hiatth.
1313 1328 1355 1384 lv,

237 1415 370 1464 23-25.

189 1499 217 1568 ⁸)
235 1505 286 1553 hut
311 1507 369 1566 quta
395 1519 418 1554 s.
438 1519 465 1569 p.
492 1507 608 1568 singutas
634 1507 764 1555 doctrines
792 1507 917 1554 orationis
946 1507 984 1553 sic
1010 1505 1095 1552 dictae
1122 1511 1259 1554 montanas
1287 1504 1355 1566 apud

235 1597 390 1646 hetthaeum
408 1599 519 1647 v-Vit.
535 1600 609 1660 Juxta
626 1603 726 1660 ternpus
745 1603 820 1646 carto
839 1600 974 1646 ordinatae
992 1597 1167 1657 planabitur-e

569 1777 598 1845 §.
615 1774 657 1833 tt.
674 1773 822 1832 opertus
838 1774 954 1845 opticus.

254 1920 434 2004 Prophetis,
451 1921 505 2006 qui
526 1921 564 1984 ah
576 1920 645 2003 ipsa
660 1941 687 1984 s.
703 1919 870 2002 Scriptura
880 1919 1133 2003 speculatoribus
1150 1941 1186 1982 ex
1202 1919 1266 1984 aito
1283 1920 1355 1984 loco

162 2029 432 2113 prospicientibus
449 2033 672 2111 comparantur
688 2026 731 2116 ¹),
754 2048 985 2112 nonnumquam
1009 2028 1159 2092 confusus
1180 2031 1301 2092 mutum
1319 2047 1357 2089 ac

161 2138 267 2202 minus
284 2137 388 2202 ciaros
409 2159 515 2203 rerum
532 2139 710 2200 futurorum
727 2143 918 2220 conspectus
947 2137 1119 2222 contigisse
1134 2136 1270 2214 ridetur,
1293 2157 1355 2219 quo

163 2267 224 2308 nec
243 2245 305 2329 ipsi
321 2245 425 2308 omnia
445 2245 600 2324 viderunt,
624 2264 681 2308 nec
698 2264 777 2328 quae
794 2245 945 2324 viderant,
962 2244 1040 2308 satis
1057 2244 1206 2307 distincte
1223 2263 1356 2331 conspe-

161 2357 287 2416 xerunt.
310 2353 434 2416 Etenim
461 2353 490 2416 si
513 2353 661 2416 vaticinia
686 2371 793 2416 eorum
818 2351 1082 2439 consideraveris,
1114 2353 1193 2416 haud
1220 2372 1293 2416 raro
1317 2353 1356 2415 ah

162 2460 227 2523 alia
248 2481 284 2523 rc
308 2462 347 2523 ad
368 2460 459 2522 aliam
483 2467 635 2524 remotam
656 2461 817 2524 transilire
842 2461 1135 2544 deprehenduntur,
1158 2483 1220 2546 quo
1244 2459 1298 2540 tit,
1322 2467 1358 2524 ut

161 2567 316 2632 distantia
335 2573 538 2648 conuectant,
562 2569 637 2652 quin
660 2569 873 2648 intervallum,
898 2571 981 2648 quod
1007 2569 1194 2651 intercedit,
1219 2571 1357 2648 innuant,

162 2681 197 2741 et
212 2675 441 2758 perspicuitate
459 2676 491 2739 iu
506 2676 618 2755 rebus,
642 2677 829 2758 praesertim
845 2677 1069 2740 remotioribus
1085 2677 1359 2761 repraesentandis

163 2788 293 2848 careant
311 2780 353 2869 Β).
394 2783 472 2847 Cum
499 2782 653 2866 ejusmodi
682 2787 871 2868 prospectus
894 2805 945 2848 res
969 2785 1109 2864 futuras,
1140 2785 1265 2867 saepius
1297 2807 1358 2849 non

161 2897 226 2956 tam
250 2892 453 2956 successione
475 2891 716 2977 chronologica,
749 2913 809 2978 qua
832 2897 1001 2957 eventurae
1032 2893 1113 2972 sint,
1138 2913 1229 2978 quam
1252 2893 1359 2975 potius

164 2999 381 3062 similitudinis
397 2999 468 3084 lege
485 2998 666 3082 conjunctas
691 2999 872 3079 exhibeant,
899 2999 931 3062 in
948 3011 1106 3064 contemta
1121 3005 1228 3083 optico
1249 3021 1359 3063 nerum

161 3108 351 3172 historicum
375 3107 468 3172 simul
489 3129 559 3172 oum
585 3109 811 3195 psychologico
833 3109 895 3170 rim
922 3109 1037 3172 hahere
1059 3114 1157 3191 patet.
1192 3111 1291 3186 Quam
1317 3108 1357 3170 oh

162 3237 231 3280 rena
247 3217 469 3300 interpretatio
488 3217 724 3296 *rafioiniorum
748 3217 903 3302 quasillo
927 3222 1074 3280 contextu
1101 3216 1287 3296 cohaerent,
1319 3219 1359 3280 ad

163 3325 330 3409 utriusque
351 3343 448 3388 nexus
472 3328 643 3408 praccepta
664 3345 722 3408 pro
751 3326 874 3390 ratione
895 3325 1041 3406 virtutis,
1074 3345 1164 3409 quarn
1195 3323 1278 3388 aiter
1307 3325 1358 3388 vei

163 3434 248 3498 alter
270 3434 302 3498 in
318 3438 491 3518 prospectu
512 3435 700 3517 prophetico
723 3435 872 3513 exseruit,
888 3433 1082 3498 instituenda
1105 3433 1175 3502 erit.
1200 3435 1235 3496 lu
1251 3433 1358 3516 specie

162 3562 222 3625 pro
255 3547 420 3606 contextus
451 3542 550 3626 optici
573 3542 678 3606 indole
711 3543 878 3626 interpreti
902 3546 1070 3626 sequentes
1094 3541 1257 3612 cautiones
1284 3546 1356 3607 auat

164 3651 400 3715 observandae:

256 3760 287 3822 1.
311 3758 390 3823 Cum
412 3762 577 3823 contextus
600 3759 653 3824 ilie
669 3760 751 3824 haud
767 3781 840 3824 raro
858 3764 988 3823 eventus
1006 3759 1162 3838 diversos,
1187 3758 1241 3843 qai
1256 3758 1356 3822 visio·

162 3867 256 3930 nibus
272 3867 467 3950 propheticis
483 3868 678 3948 exhihentur,
694 3873 766 3932 utut
781 3869 876 3954 longo
888 3867 1042 3951 temporis
1054 3867 1219 3936 intervallo
1236 3866 1357 3931 disten*
1418 3889 1422 3902 ¹

160 3981 213 4040 tes
230 3963 406 4061 conjungat,
424 3995 478 4041 eos
494 3977 533 4039 ad
548 3977 701 4060 temporis
718 3977 870 4040 unitatem
886 3977 1031 4062 redigere
1048 3975 1208 4054 nonlicet,
1225 3976 1281 4037 sed
1296 3996 1355 4058 po-

161 4083 228 4148 tius
245 4084 386 4169 singulos
402 4088 548 4148 accurate
576 4085 734 4167 separari,
759 4089 791 4149 et
807 4089 955 4169 quantum
970 4081 1042 4148 tieri
1056 4088 1176 4166 potest,
1200 4103 1258 4147 suo
1273 4087 1356 4146 tera-

163 4191 237 4276 pori
252 4191 407 4276 assignari
422 4197 551 4276 oportet
560 4190 603 4281 ⁸).

253 4303 286 4364 2.
311 4299 488 4364 Cavendum
505 4306 565 4381 ast,
591 4323 629 4366 ne
645 4301 685 4366 oh
709 4301 807 4364 terem
831 4301 965 4384 aliquam
987 4297 1220 4364 similitudinem
1243 4301 1357 4373 vatici·

163 4407 247 4472 nium
263 4408 348 4472 inter
368 4413 402 4473 et
424 4413 568 4472 eventum
596 4411 757 4494 quondm
776 4409 933 4493 sequioris
949 4409 1062 4473 aetatis
1078 4409 1239 4492 posterior
1254 4406 1355 4491 priori

161 4515 362 4648 praesagpitus
401 4516 499 4582 inisse
539 4515 638 4582 inrito
664 4523 796 4583 auctore
824 4515 997 4584 artificiose
1025 4522 1079 4582 aut
1107 4516 1261 4581 nolenter
1287 4524 1354 4583 eta-

163 4629 273 4690 tnatur
299 4623 328 4711 ).
