3092 5286
226 435 300 512 152

221 615 395 684 Videndum
410 618 607 698 inuenerit,
631 637 704 682 nnrn
727 616 874 700 discipuli
889 617 968 682 irene
991 618 1132 702 ceperint
1155 623 1188 686 et
1209 616 1347 684 firmiter
1363 626 1411 686 tc·

221 727 346 792 ruerint
357 747 376 792 e
387 728 538 814 magistro
550 728 724 812 preposite,
742 731 775 790 et
785 747 847 792 non
857 726 988 810 proprio
1001 727 1106 792 studio
1117 727 1168 792 vei
1179 749 1216 794 er
1228 749 1413 815 quecunque

218 835 341 900 ratione
357 836 418 900 elie
433 837 576 922 magistri
598 837 769 901 sententies
791 835 904 900 rnissns
931 835 1065 901 iecerint
1080 835 1123 922 ⁸).
1154 837 1192 902 Si
1213 839 1411 903 diversorum

219 943 441 1028 magistrorum
454 945 524 1028 pius
542 944 681 1010 minnere
698 943 971 1028 independentiunr
994 965 1087 1010 sense
1115 953 1347 1031 proponuntur,
1376 949 1413 1011 de

220 1049 333 1133 mejeri
350 1071 387 1114 ex
395 1052 443 1116 rei
458 1057 570 1117 netnre
580 1053 791 1136 discrepantia
801 1052 972 1118 timendum
985 1053 1057 1118 erit.
1074 1056 1178 1137 Atque
1186 1057 1265 1120 hoec
1275 1055 1363 1119 diets
1374 1056 1411 1118 dc

220 1157 400 1222 notionibus
416 1159 614 1224 institutione
626 1159 759 1226 eliorum
772 1159 962 1244 comparetis
979 1162 1139 1228 commode
1154 1162 1276 1227 referre
1290 1163 1412 1246 poteris

220 1265 260 1330 ed
276 1287 383 1332 omnes
398 1269 543 1334 notiones
559 1268 740 1348 historiens,
756 1287 835 1352 ques
850 1269 921 1355 quie
936 1290 998 1334 non
1010 1289 1068 1334 ene
1083 1270 1276 1354 experientis
1290 1271 1412 1336 didicit.

247 1425 272 1496 ¹)
293 1429 337 1478 Sic
356 1433 517 1490 bebitsonie,
546 1433 612 1482 ritus
640 1435 867 1496 conversetionle,
895 1435 1065 1483 instrumente
1084 1437 1182 1484 rumice
1200 1437 1282 1484 eiiere
1303 1437 1412 1498 plurime

290 1535 338 1582 pro
357 1523 472 1572 locorum
490 1529 667 1585 temporumve
685 1525 787 1573 retlone
806 1525 858 1572 elie
876 1529 953 1585 snut,
981 1529 1009 1572 et
1026 1527 1103 1586 proin
1123 1537 1214 1574 eorum
1232 1528 1412 1588 conpelletlo-

290 1625 337 1662 nes
355 1615 475 1663 notiones
487 1616 716 1676 setdlsorepentee
735 1616 888 1675 exprimunt.
907 1619 960 1664 Ant
976 1617 1034 1678 quis
1052 1629 1104 1664 non
1122 1617 1193 1666 ridet
1211 1617 1410 1677 diecrepsntienr

290 1704 404 1751 notionis
422 1704 515 1760 cerdis,
546 1705 570 1752 sl
597 1705 679 1765 priene
699 1705 763 1754 urbs
783 1703 854 1770 (itit)
882 1705 952 1753 heud
980 1705 1057 1754 dubie
1084 1707 1187 1755 nonnisi
1210 1707 1311 1768 diruet
1335 1711 1412 1769 tngn·

288 1795 372 1855 siole,
400 1795 468 1842 torte
487 1798 512 1842 ln
531 1796 597 1844 eclle
623 1795 675 1844 elte
693 1799 720 1843 et
738 1800 815 1856 septe
842 1797 885 1844 sel
914 1797 991 1844 iovee
1019 1797 1192 1855 circumdete,
1221 1800 1412 1859 complectens,

287 1898 362 1945 quesn
387 1885 453 1932 lieln
478 1887 621 1934 extruxisse
654 1885 750 1946 legitur
778 1885 873 1935 (lenes.
901 1884 944 1948 iv,
974 1889 1029 1946 17.,
1059 1889 1194 1938 confertus·
1221 1901 1279 1936 curn
1304 1889 1410 1948 Ninive,

286 1978 424 2036 metropoli
440 1977 562 2035 Assyrlee
580 1975 640 2024 Jon.
660 1977 687 2038 l,
708 1975 734 2024 θ.
754 1976 804 2036 lli,
825 1977 851 2024 t.
869 1979 912 2024 rel
931 1977 1076 2039 Belsplone,
1095 1978 1233 2038 metropoli
1251 1977 1410 2038 Bebyionlse

289 2068 322 2114 ll.
342 2067 405 2126 leeg.
424 2067 508 2114 xxiv.
528 2067 602 2114 xxv.
622 2067 671 2127 el.,
701 2067 744 2115 vel
772 2068 847 2116 etiesn
865 2079 922 2114 cnm
940 2065 1047 2116 urbibus
1065 2069 1257 2125 liebresoruns,
1288 2069 1407 2130 inprimis

292 2158 479 2216 Hierosolymis
499 2161 585 2206 estete
604 2157 721 2207 christlt

243 2259 269 2327 ²)
288 2267 352 2313 lllno
371 2267 443 2314 notio
462 2268 586 2327 piurlunr,
616 2279 683 2329 quse
701 2269 734 2316 ed
751 2267 885 2328 pnyeieern
903 2271 930 2316 et
947 2267 1081 2316 historiens
1099 2267 1240 2318 eetorelen
1268 2269 1413 2328 pertinent,

226 2411 229 2418 ,
293 2369 318 2404 e.
338 2369 362 2416 g.
382 2370 478 2418 eqnee,
498 2358 626 2420 lepidum,
647 2359 735 2408 eedem
754 2361 795 2406 est
813 2358 914 2414 ubivis,
941 2358 1003 2406 licet
1016 2359 1141 2420 judicium
1159 2358 1192 2407 ols
1211 2359 1350 2410 reritetesu
1369 2362 1414 2408 sut

295 2448 472 2496 sbnndentlem
491 2451 518 2496 et
535 2461 610 2496 mum
628 2462 717 2498 eornm
734 2449 833 2498 serlum
850 2461 913 2522 esse
932 2449 1024 2510 pessit.

246 2549 273 2621 ⁸)
292 2557 347 2604 lino
369 2562 487 2614 spectent
509 2559 628 2606 notiones
652 2555 789 2606 ellectunnr
813 2558 905 2614 enlrnl,
932 2557 971 2605 nti
997 2557 1101 2620 gundil,
1130 2556 1245 2618 doloris,
1275 2557 1413 2616 tristities,

290 2646 345 2692 isse
364 2649 415 2693 etc.
436 2647 507 2696 hicet
526 2648 553 2693 nt
571 2651 662 2694 netnre
680 2659 727 2694 ene
746 2649 823 2695 lidesn
841 2651 979 2708 moneant,
1007 2648 1091 2707 quood
1117 2647 1223 2706 pedum
1251 2648 1339 2694 umen
1363 2659 1412 2706 pro

291 2737 394 2785 retiene
413 2737 478 2797 ejus,
499 2749 572 2798 quem
590 2741 708 2794 movent,
727 2749 806 2797 seepe
824 2739 898 2785 selde
917 2739 1100 2798 discrepantes
1118 2739 1288 2784 intententur.
1310 2735 1367 2796 sie,
1386 2737 1413 2784 ei

293 2828 384 2876 ltlettlr.
404 2829 442 2888 ll,
465 2830 508 2875 id.
528 2827 633 2888 legitur,
657 2828 785 2876 Herodem
804 2825 836 2874 ii.
856 2828 937 2875 rirrmr
955 2828 1178 2887 crudelissimum,
1197 2838 1254 2873 curn
1274 2840 1304 2875 se
1324 2840 1340 2874 e
1358 2827 1413 2873 lde·

293 2919 334 2980 gis
353 2920 470 2968 delusum
487 2919 603 2974 rideret,
622 2919 662 2965 ire
681 2918 828 2978 excretus,
847 2921 876 2966 et
893 2917 973 2966 Herc.
987 2917 1030 2964 vl.
1047 2917 1089 2964 22.
1109 2917 1206 2965 llerodl
1218 2917 1346 2977 Antipee,
1364 2917 1413 2964 ise·

293 3010 355 3056 mint
379 3010 492 3070 lescies,
521 3019 579 3056 cnsn
603 3021 684 3056 uxore
711 3007 801 3056 tretrie
819 3008 846 3054 ln
865 3007 991 3056 ednlterio
1009 3010 1035 3054 el
1053 3007 1154 3054 incestu
1172 3006 1270 3054 visenti
1297 3007 1414 3066 puellesn

294 3099 451 3147 esitetrtcenr
469 3099 613 3158 pitonius,
632 3109 706 3144 nemo
725 3110 776 3146 nen
795 3096 942 3158 suspicetur
961 3095 1068 3145 tilectus
1087 3097 1297 3146 vehementiores
1317 3100 1347 3146 et
1365 3097 1412 3144 ln·

294 3189 451 3248 moderetur,
471 3199 536 3250 quoe
555 3188 659 3248 ipsein
678 3191 787 3248 utroque
805 3187 863 3234 loce
882 3189 1017 3236 contextus
1035 3187 1196 3246 comprobet.

247 3288 275 3346 ι)
295 3298 418 3349 Proiecto
437 3298 508 3345 notio
527 3297 631 3344 virtutis
650 3295 702 3344 elie
718 3295 767 3344 luit
785 3295 937 3358 gentilibus,
957 3295 1140 3352 distullerit,
1161 3296 1188 3341 rt
1205 3294 1257 3341 elle
1275 3297 1318 3341 est
1336 3292 1412 3341 cirri·

292 3395 400 3449 stienis‚
428 3392 487 3451 quie
514 3388 641 3437 sentiendi
668 3387 809 3447 urendique
835 3387 966 3447 reiteres,
993 3398 1009 3432 e
1035 3384 1127 3445 qulbus
1156 3383 1318 3432 ebetrslsitur
1346 3383 1411 3430 leeec

294 3487 383 3545 notio,
412 3495 464 3529 non
491 3481 558 3527 idern
584 3479 670 3526 velent
695 3478 764 3538 epod
782 3477 844 3525 illos
863 3477 982 3524 diverses
999 3475 1137 3535 religionis
1155 3475 1293 3534 sessoles3
1320 3477 1413 3522 contre

292 3579 364 3625 netto
382 3572 531 3630 rubedinis,
559 3568 702 3616 dulcedinis
731 3572 757 3616 et
784 3579 848 3628 quse
867 3569 929 3614 snut
955 3565 1023 3614 eiiee
1049 3558 1091 3614 hie
1110 3564 1208 3612 similes
1227 3577 1276 3624 per
1295 3576 1326 3612 ee
1345 3561 1412 3623 epud

297 3678 386 3714 omnes
405 3662 551 3708 immutetee
568 3659 744 3718 reperiuntur.

250 3753 276 3819 ὅ)
298 3757 367 3804 Sene
386 3756 457 3812 leges
476 3749 671 3796 methemetlcue
690 3751 717 3794 et
734 3748 833 3806 logione
852 3758 955 3806 semper
972 3748 999 3794 et
1016 3744 1109 3806 ubique
1122 3744 1227 3792 enodem
1244 3747 1304 3792 sunt
1329 3743 1410 3790 omni-

295 3847 344 3894 bus
363 3840 523 3894 hominibus,
543 3838 587 3898 qul
606 3849 692 3886 esrum
708 3841 781 3886 recte
799 3839 898 3884 conscii
917 3840 985 3884 eunt.

245 3935 271 4002 θ)
291 3939 354 3998 Quis
373 3931 459 3980 nescit
476 3929 616 3977 discrimen
634 3928 781 3983 notionum,
811 3941 874 3988 ques
904 3927 1019 3974 hemines
1038 3925 1070 3974 de
1089 3926 1144 3972 lieo
1164 3923 1271 3984 eiusque
1290 3923 1410 3984 proprie·

294 4025 410 4084 atibus,
438 4023 470 4068 de
489 4021 622 4068 ereetione
640 4031 670 4066 ec
690 4018 886 4066 conservetione
904 4017 1038 4076 universi,
1068 4015 1100 4062 de
1119 4013 1255 4074 spiritibus
1275 4023 1412 4073 eorumque

293 4118 381 4167 indole
408 4124 439 4160 ec
467 4117 586 4166 nurnero,
617 4114 643 4157 et
668 4111 700 4158 de
725 4107 852 4156 sexcentis
872 4107 946 4168 eliis,
976 4119 1042 4167 ques
1060 4117 1116 4153 cuns
1134 4104 1176 4152 hle
1195 4115 1287 4152 nexum
1306 4103 1409 4159 heitom,

290 4203 483 4266 conceperuntt
503 4202 583 4262 illue,
602 4201 645 4262 qni
658 4201 736 4248 ilsrc.
755 4199 806 4256 xv,
817 4200 860 4248 89.
878 4197 958 4246 verbe
973 4195 1152 4246 centurionis:
1176 4196 1247 4244 Vere
1262 4194 1342 4242 tonso
1360 4192 1412 4241 tete

292 4299 363 4362 filius
383 4295 433 4344 liet
452 4295 528 4352 eret,
555 4294 593 4338 lte
619 4290 788 4350 intelilgeret,
816 4301 846 4336 ec
874 4291 897 4336 sl
922 4289 997 4336 homo
1026 4286 1133 4347 gentilis
1152 4285 1243 4333 Jeeonr
1261 4283 1411 4344 egnorisset

289 4391 371 4453 filices
390 4385 439 4435 iles·
456 4398 488 4432 eo
507 4396 588 4431 sensu
605 4393 636 4428 ec
654 4380 824 4442 perfectionis
843 4381 924 4440 produ
934 4412 942 4437 ‚
961 4391 1011 4439 quo
1030 4376 1184 4438 proponitur
1202 4388 1218 4424 e
1237 4374 1338 4421 doenne
1358 4371 1408 4432 XX,

294 4482 355 4535 dt„
374 4475 442 4524 iteud
461 4473 536 4521 dubie
557 4475 665 4521 erueret.
1129 4475 1131 4482 ·

248 4567 273 4636 7)
293 4571 401 4619 Constet
420 4579 443 4614 e.
462 4579 495 4625 g,
514 4563 629 4611 homines
648 4563 779 4611 immolere
798 4565 825 4610 et
838 4561 911 4621 pion
930 4563 957 4609 et
975 4561 1030 4608 Dec
1049 4561 1152 4618 dignum
1170 4556 1202 4604 sl)
1220 4555 1289 4612 eliis,
1310 4553 1411 4612 implum

292 4675 353 4710 rero
373 4663 400 4708 et
419 4657 585 4706 temnendum
603 4655 634 4704 eb
653 4655 712 4704 eliis
732 4667 793 4704 esse
813 4655 932 4714 ductetur
951 4653 1135 4704 lernicetlenes
1151 4651 1208 4700 lrlnc
1223 4647 1282 4697 inde
1300 4647 1412 4698 neotum
