3112 5284
259 409 338 485 238

254 584 407 649 normalia
421 585 596 662 veneratur,
621 579 847 665 expresserint
865 582 1042 660 contentae,
1066 577 1131 644 slve
1143 577 1272 665 lagenis
1286 577 1440 642 doctriua-

253 717 323 760 rum
340 697 372 760 in
387 697 467 778 ipsis
482 698 697 758 contentarum
713 691 873 756 euidenter
888 691 1108 774 respondeant.
1134 691 1257 769 Quodsi
1278 691 1401 776 singula
1417 711 1441 754 s.

254 805 439 887 scripturae
463 800 556 865 effata
578 801 626 865 ita
646 805 859 884 exponuntur,
892 803 928 862 ut
956 798 1097 881 ipsorum
1128 817 1241 866 sensus
1271 799 1442 882 complexui

253 913 421 976 veritatum
444 909 652 996 generalium,
684 927 760 992 quas
792 907 875 972 sacri
906 905 1081 990 scriptores
1105 926 1276 988 eorumque
1300 907 1442 989 discipuli

254 1021 447 1098 docuerunt,
491 1019 661 1082 conformis
695 1017 887 1096 inveniatur,
934 1015 1090 1098 expositio
1126 1013 1217 1096 juxta
1256 1019 1442 1098 analogium

250 1131 335 1214 fidei
349 1125 390 1215 e)
437 1147 493 1191 seu
526 1127 688 1190 doctrinae
718 1125 803 1189 iacta
833 1123 961 1186 dicitur·
1005 1122 1093 1188 Unde
1125 1128 1231 1206 patet,
1267 1125 1354 1207 quod
1383 1123 1442 1186 loci

255 1235 474 1322 analogicum
498 1235 708 1319 parallelismo
732 1232 811 1298 reali
834 1231 990 1298 didactico
1014 1231 1060 1294 ita
1083 1231 1287 1314 conveniunt,
1318 1236 1356 1294 ut
1378 1252 1443 1294 cum

255 1365 293 1410 eo
318 1345 403 1408 circa
427 1343 590 1413 doctrinae
614 1341 848 1427 congruentiam
871 1345 1052 1420 uersentur,
1076 1341 1115 1406 ab
1139 1359 1176 1404 eo
1206 1361 1285 1405 vero
1308 1340 1358 1404 ita
1379 1340 1444 1403 dis·
1539 1347 1540 1354 ’

251 1459 396 1538 crepant,
436 1457 471 1516 ut
509 1473 572 1516 non
610 1450 747 1535 singulas
785 1450 826 1512 ad
865 1450 993 1513 eandem
1032 1448 1206 1513 doctrinam
1245 1449 1439 1530 pertinentes

251 1563 419 1644 raritates,
444 1563 500 1625 sed
522 1559 680 1646 generalia
704 1558 805 1622 solum
828 1557 983 1641 principia
1004 1558 1148 1637 tradant,
1180 1577 1283 1640 neque
1320 1577 1441 1640 semper

251 1673 290 1736 ad
325 1671 453 1734 verbum
477 1668 639 1752 concepti,
662 1688 769 1732 uerum
794 1667 918 1750 saepius
949 1668 988 1730 ad
1019 1672 1122 1730 totum
1144 1666 1343 1735 solummodo
1369 1668 1441 1730 dcc-

251 1780 355 1844 trinae
378 1778 536 1865 ingenium
560 1776 747 1843 conformati
769 1776 800 1838 iu
826 1775 1036 1859 scriptoribus
1060 1775 1278 1859 comparandis
1303 1780 1421 1839 extent.

276 1941 397 2007 ⁸)Rom.
412 1947 472 2002 ΧΠ,
500 1947 526 1992 e.
546 1937 677 2010 elembmpm'e
701 1941 748 2000 τῆς
766 1938 880 1998 πίστεως
900 1954 951 1988 non
977 1943 1103 1992 rationem
1122 1941 1198 2001 fidei,
1223 1942 1272 1988 aed
1296 1953 1441 1991 mensuram

321 2037 445 2090 donorum
465 2035 498 2082 ob
518 2035 592 2090 fidem
611 2035 868 2092 subministraturum
882 2034 989 2086 denotat
1004 2034 1064 2083 cell.
1083 2046 1109 2078 r.
1130 2034 1155 2080 3.

405 2229 434 2295 ς,
450 2226 504 2287 be.
521 2227 659 2300 masida
671 2227 758 2299 lauta
773 2226 927 2298 naaman
941 2223 1005 2286 aue
1019 2238 1073 2284 nnn
1087 2225 1181 2298 potest
1196 2226 1283 2298 restet

341 2375 577 2456 Expositioncm
602 2396 628 2440 s.
654 2375 838 2460 Scripturas
856 2373 948 2458 juxta
970 2373 1143 2460 analogiam
1157 2371 1232 2437 fidei
1246 2371 1319 2437 lieri
1336 2392 1440 2456 posse,

252 2483 313 2554 imo
337 2483 468 2562 debere,
492 2483 585 2548 facile
609 2484 795 2548 ostenditur.
833 2482 914 2548 Nam

342 2595 370 2655 l.
395 2591 423 2652 si
458 2591 542 2655 dicta
575 2592 836 2674 pbilosophorum
869 2591 1041 2676 singularia
1075 2611 1112 2654 ex
1140 2591 1265 2676 integra
1294 2591 1435 2673 ipsorum

251 2697 431 2782 disciplina,
454 2701 483 2781 pl
506 2700 593 2786 leges
609 2701 770 2785 ambiguae
787 2721 824 2764 ex
839 2699 1047 2784 legislationis
1061 2698 1162 2762 totius
1177 2698 1304 2784 ingenio
1326 2699 1437 2784 exqui-

249 2811 377 2890 runtur,
402 2829 458 2871 eur
480 2808 513 2872 id
536 2810 638 2902 ipsum
656 2809 772 2872 nonde
788 2829 814 2871 s.
832 2807 1017 2890 Scripturas
1039 2807 1203 2871 sententiis
1225 2807 1341 2887 valeat,
1367 2807 1437 2892 qui-

250 2915 308 2988 bus
331 2915 562 2990 iueertitudinis
587 2922 618 2982 et
641 2916 853 3002 ambiguitatis
877 2917 1034 3000 quidpiam
1057 2917 1160 2980 inesse
1186 2915 1398 2980 observaturi

341 3028 372 3096 2.
397 3025 629 3109 Quamprimum
659 3045 777 3107 corpus
807 3024 969 3088 doctrinae
998 3025 1081 3107 apud
1109 3023 1246 3094 asseclas
1278 3023 1439 3090 societatis

251 3130 383 3214 alicujus
406 3133 575 3218 religiosae
599 3133 733 3216 supponi
756 3135 848 3198 debet
871 3138 1050 3215 acceptum,
1079 3133 1198 3196 nullum
1220 3132 1306 3196 illius
1337 3133 1440 3196 socic-

247 3237 324 3302 tatis
340 3241 509 3304 membrum
525 3240 586 3307 alia
600 3241 741 3312 tenuisse
765 3246 819 3304 aut
842 3240 958 3304 dixisse
981 3243 1239 3323 praesumendum
1255 3245 1322 3324 est,
1349 3261 1437 3326 qnam

251 3366 330 3430 quae
359 3348 438 3412 illud
468 3365 584 3430 corpus
614 3353 669 3412 aut
698 3349 855 3428 eontinet,
891 3353 945 3411 ant
969 3353 1055 3412 certe
1078 3369 1141 3413 non
1164 3348 1320 3442 repudiat.
1363 3349 1439 3414 Cum

247 3455 315 3518 tale
339 3457 502 3528 doetrinae
532 3478 647 3540 corpus
677 3463 744 3526 tum
767 3457 805 3522 Α.
830 3462 896 3527 tum
919 3455 959 3520 N.
983 3457 1019 3520 F.
1044 3457 1175 3520 asseclis
1197 3457 1295 3527 tribui
1318 3459 1439 3540 debeat,
1539 3469 1540 3474 ’

251 3568 283 3626 et
304 3565 456 3646 plurimae
481 3566 643 3630 doctrinae
663 3566 790 3648 utrique
815 3586 993 3637 communes
1017 3565 1097 3649 sint,
1121 3587 1177 3630 eos
1201 3566 1388 3658 disciplinae
1411 3572 1440 3631 et

249 3673 401 3761 peculiari
435 3674 552 3738 sibiet
588 3675 743 3741 communi
775 3676 996 3744 conuenienter
1017 3674 1156 3745 sensisse
1179 3695 1215 3743 aa
1238 3676 1375 3756 dixisse,
1411 3681 1441 3738 et

249 3785 417 3863 propterea
456 3781 605 3873 quidquid
645 3782 759 3848 incerti
796 3783 847 3846 uel
893 3782 1029 3868 ambigui
1070 3783 1234 3862 babeant,¹
1271 3785 1311 3847 ad
1350 3784 1441 3848 istam
1539 3789 1540 3792 ’

248 3889 410 3954 doctrinae
439 3891 613 3976 analogiam
653 3912 723 3956 esse
757 3892 954 3958 referendum
989 3897 1022 3964 et
1056 3894 1286 3982 exponendum,
1327 3895 1439 3958 merito
1539 3949 1540 3974 Ξ

252 4019 415 4062 censemus
426 3998 477 4085 ᾔ),

274 4159 302 4233 *l
323 4167 511 4227 cauctorem,
539 4181 615 4238 qnam
642 4170 706 4216 baec
732 4171 850 4230 analogia
876 4168 936 4218 bdei
960 4171 987 4216 tn
1014 4183 1045 4217 ra
1068 4171 1203 4230 exegetica
1224 4171 1321 4224 babet,
1354 4171 1380 4221 in
1407 4183 1437 4216 eo

323 4257 459 4313 censistit,
480 4261 509 4304 ut
528 4261 562 4306 sit
580 4261 771 4312 tundamentum
793 4272 823 4306 ac
838 4261 993 4320 principium
1018 4263 1155 4320 generale,
1178 4262 1211 4308 ad
1229 4261 1305 4320 cuiue
1325 4273 1440 4307 normann

321 4359 408 4394 omnes
422 4349 570 4408 scripturae
589 4351 767 4408 expositiones
781 4354 901 4415 tauquam
918 4353 951 4404 sd
961 4351 1071 4410 lapidem
1089 4352 1183 4410 lydium
1199 4353 1342 4411 exigendae
1359 4352 1439 4400 sint.”

321 4437 347 4484 J.
376 4438 401 4483 J.
431 4439 627 4487 Rambacbii
656 4442 837 4496 Institutiouas
870 4442 949 4492 berna.
977 4443 1055 4489 1⁷23.
1089 4457 1113 4502 p.
1136 4443 1178 4488 72.
1217 4443 1282 4490 cum
1305 4457 1370 4491 vero
1389 4454 1440 4489 nen

323 4529 407 4576 solum
420 4530 535 4590 singulae
548 4531 691 4580 societates
703 4531 857 4591 religiosae,
879 4533 925 4581 aad
939 4534 1015 4581 etiarn
1036 4533 1130 4594 singull
1141 4535 1199 4581 lere
1213 4533 1377 4594 interpretes
1390 4531 1441 4582 sibi

322 4621 407 4677 relicti
427 4633 474 4690 pro
502 4622 604 4685 ingenio
625 4635 674 4670 suo
703 4623 880 4676 doctrinarum
902 4626 1062 4684 complexum
1083 4637 1098 4672 e
1120 4623 1203 4678 aseris
1229 4623 1390 4679 ludaeorum
1412 4634 1441 4676 st
