3190 5290
1319 421 1345 496 9

150 603 303 684 Accedit,
325 601 565 690 quodadducte
580 618 607 664 s.
623 598 727 664 Patris
749 595 905 664 sententia
926 598 966 662 de
992 595 1139 677 lectione,
1163 600 1199 662 ut
1222 602 1346 676 vocant,

154 709 353 794 aedificante,
382 710 549 796 conjunctu
577 730 647 774 cum
674 707 876 774 meditatione
902 705 1053 792 religiosa
1078 705 1182 770 valere
1211 704 1346 786 videtur,

153 842 237 906 qnae
265 821 390 886 minime
416 818 619 905 reprobatur,
646 838 748 904 neque
774 817 875 897 nobis,
904 816 1055 880 unitatem
1076 833 1186 880 sensns
1214 813 1347 879 literalis

150 929 402 1010 defendentibus,
423 933 588 1015 repugnat,
607 932 718 1012 utpote
742 926 796 1012 qui
819 925 918 991 solam
937 924 1089 990 eruditam
1117 944 1144 988 s.
1161 923 1346 1006 Scripturae

149 1037 446 1122 interpretationem
483 1036 680 1121 respicimus.
708 1035 742 1100 S.
769 1035 906 1100 Thomas
927 1054 1003 1100 vero
1030 1033 1067 1098 ab
1090 1032 1211 1098 unitate
1233 1049 1345 1097 sensus

150 1146 286 1213 literalis
303 1169 366 1213 non
381 1149 459 1213 adeo
482 1147 624 1212 dissidet.
654 1147 690 1210 ln
713 1144 839 1210 laudato
857 1145 938 1209 enim
961 1145 1050 1224 loco,
1073 1143 1101 1207 si
1124 1141 1220 1208 verba
1243 1141 1343 1226 ipsius

152 1263 277 1322 edente
299 1257 553 1337 considerantur,
586 1278 648 1322 non
671 1262 735 1320 tam
757 1255 976 1339 multiplicem,
1006 1275 1096 1340 quam
1120 1253 1227 1338 potius
1250 1272 1343 1317 unum

147 1384 287 1448 sensum,
314 1370 364 1430 ast
380 1365 541 1450 amplioris
559 1361 765 1452 significatus,
782 1360 969 1448 profitetur,
991 1365 1063 1428 dum
1080 1363 1173 1428 dicit:
1191 1364 1346 1449 „Smne

148 1476 292 1542 literalis
307 1485 367 1558 est,
380 1495 474 1559 qoem
486 1483 600 1541 auctor
611 1470 735 1563 (Dens)
747 1474 920 1555 intendit&
937 1472 1049 1558 quibus
1060 1471 1165 1536 verbis
1180 1469 1345 1536 manifesto
1379 1559 1380 1562 Ἴ

150 1583 260 1649 eadem
276 1584 527 1650 denominatione
551 1603 622 1648 cum
645 1601 740 1647 sensu
755 1581 872 1648 literali
894 1582 1060 1667 mysticum
1077 1579 1344 1663 simul-complec-

146 1694 239 1774 titur,
266 1715 358 1780 quem
373 1695 419 1759 illi
436 1715 473 1760 ex
487 1693 545 1759 Dei
562 1693 736 1758 intentione
757 1692 789 1755 in
805 1693 989 1778 quibusdam
1013 1711 1039 1756 s.
1057 1691 1243 1776 Scripturae
1264 1687 1344 1754 locis

145 1805 387 1887 superadditum
406 1823 488 1885 csse,
504 1823 561 1869 suo
578 1803 650 1870 loco
668 1803 793 1868 dicetur
808 1794 850 1890 ⁸).

241 1915 267 1978 ll
285 1911 398 1998 quibm
413 1913 524 1998 liquet,
541 1917 693 1996 patronos
708 1910 892 1994 multiplicis
908 1928 1020 1975 sensns
1035 1907 1168 1974 literalis
1180 1927 1345 1995 argumen-

146 2021 203 2103 tis,
227 2041 306 2107 quae
322 2023 490 2104 adducant,
507 2042 573 2086 rem
589 2041 676 2086 suam
691 2040 885 2105 nequaquam
901 2019 1054 2084 evincere.
1068 2075 1070 2080 .

237 2131 367 2214 Restat,
389 2137 425 2198 ut
440 2132 598 2214 rationes,
615 2129 727 2216 quibus
743 2129 847 2196 unitae
862 2127 955 2214 hujus
971 2147 1083 2196 sensus
1100 2130 1343 2208 demonstretur,

143 2241 367 2327 proferamus:

171 2351 216 2437 a)
240 2350 420 2417 Generatim
436 2353 586 2418 unitatem
601 2349 740 2417 notionis
767 2351 991 2418 vocabulorum
1007 2349 1040 2414 in
1067 2351 1140 2415 dato
1157 2347 1229 2414 loco
1246 2364 1340 2429 spec·

241 2463 327 2524 tatae
345 2459 380 2545 [i.
398 2481 426 2525 e.
442 2461 593 2526 unitatem
610 2460 734 2544 sensns]
752 2460 893 2544 postulat
914 2459 987 2524 linis
1003 2459 1103 2525 omnis
1125 2456 1250 2522 humani
1272 2475 1342 2519 ser·

240 2568 352 2650 monis,
380 2569 434 2655 qui
453 2576 512 2651 est,
534 2575 570 2634 ut
596 2588 690 2635 sensa
709 2574 741 2633 et
758 2570 897 2656 cogitata
912 2575 1023 2634 nostra
1038 2588 1095 2653 per
1110 2587 1205 2632 voces
1222 2601 1263 2614 -
1281 2583 1342 2648 qna

244 2677 334 2764 signa
351 2698 459 2744 eornm
474 2677 600 2744 -aliis
616 2676 861 2760 manifestemus,
878 2680 985 2744 eadem
1002 2695 1095 2742 sensa
1110 2682 1143 2743 et
1159 2675 1296 2762 cogitata
1311 2671 1343 2736 in

240 2785 281 2850 iis
298 2787 475 2854 excitaturi.
492 2787 561 2853 lloc
576 2808 651 2852 vero
669 2785 805 2852 obtineri
820 2787 906 2852 nullo
922 2788 1015 2853 modo
1032 2789 1151 2870 posset,
1173 2784 1202 2848 si
1218 2783 1342 2849 eaedem

239 2916 336 2962 voces
351 2897 385 2962 in
402 2898 512 2962 eodem
537 2917 617 2962 nexu
639 2896 811 2982 iisdemque
828 2895 985 2981 adjunctis
1001 2896 1109 2980 plures
1125 2898 1256 2978 possent
1276 2891 1343 2976 sig-

239 3004 371 3072 nificare
386 3006 532 3072 notiones
548 3029 567 3072 a
582 3006 730 3092 loquente
757 3010 929 3089 spectatas,
958 3005 1022 3072 imo
1044 3009 1133 3070 tanta
1154 2999 1341 3088 ambiguitas

240 3119 273 3179 ct
289 3115 432 3180 confusio
445 3115 595 3199 oriretur,
608 3122 644 3180 ut
655 3136 745 3180 neruo
758 3111 889 3180 delinire
900 3113 1032 3198 valeret,
1047 3113 1122 3198 qnid
1138 3113 1218 3177 alter
1234 3110 1340 3174 dicere

239 3223 394 3306 volucrit3
416 3229 451 3289 ut
466 3230 598 3309 taceam,
619 3224 706 3311 leges
731 3223 958 3311 psycbologiae
973 3222 1136 3306 impedire,
1159 3241 1220 3307 quo
1236 3219 1338 3284 minus

240 3335 348 3398 eadem
363 3333 515 3400 vocabula
534 3335 567 3398 in
590 3335 700 3400 codem
722 3337 871 3398 contextu
895 3331 1088 3397 diversarum
1104 3329 1265 3396 notionum
1290 3327 1340 3394 vel

239 3441 465 3508 sententiarum
481 3443 573 3530 signa
588 3443 662 3508 sint.

168 3551 213 3637 b)
238 3553 330 3632 Quod
345 3553 509 3636 speciatim
521 3573 547 3618 s.
559 3553 757 3636 Scripturam
773 3551 896 3632 attinet,
921 3571 1001 3636 quae
1023 3549 1166 3615 confusio
1189 3547 1338 3631 oriretur,

238 3661 277 3740 si,
303 3665 339 3726 ut
354 3661 536 3746 multiplicis
564 3680 676 3727 sensus
692 3660 825 3726 literalis
840 3661 967 3744 patroni
980 3660 1100 3741 volunt,
1125 3657 1254 3724 cuilibet
1268 3656 1336 3721 lec·

236 3769 301 3834 tori
322 3769 467 3836 relictum
484 3775 581 3852 esset,
603 3769 747 3856 equoris
767 3775 865 3850 texto,
882 3770 1032 3855 quidquid
1046 3789 1154 3834 verum
1170 3773 1202 3832 et
1223 3767 1337 3832 bonnm

239 3883 297 3960 est,
313 3899 372 3963 pro
389 3879 521 3946 arbitrio
539 3883 674 3945 eruere?
691 3879 773 3945 Sanc
788 3876 860 3944 lieri
876 3901 938 3944 non
954 3884 1074 3964 posset,
1096 3877 1171 3964 quin
1185 3880 1236 3942 tot
1251 3874 1335 3960 ejus-

240 3989 309 4052 dem
330 3987 395 4054 loci
422 3989 586 4073 prodirent
605 4008 734 4072 sensns,
762 3995 840 4076 quot
866 3989 1005 4054 lectores
1033 3987 1213 4054 existerent.
1235 3987 1336 4066 Quam

238 4097 431 4180 procedendi
445 4098 599 4164 rationem
611 4097 640 4161 si
652 4101 909 4183 concederemus,
923 4097 1023 4166 omnis
1034 4094 1254 4180 interpretatio
1266 4093 1335 4178 pla·

237 4225 275 4270 ne
298 4206 420 4271 incerta
439 4208 636 4288 redderetur,
661 4228 755 4293 quum
777 4208 917 4296 legentes
933 4227 1059 4274 sensnm
1076 4205 1137 4270 sibi
1159 4203 1334 4289 placentem

236 4317 353 4400 potius,
366 4337 458 4402 qnam
472 4317 594 4404 legibus
609 4317 852 4384 bermeneuticis
869 4318 1072 4403 exploratum,
1089 4337 1107 4382 e
1122 4334 1149 4379 s.
1167 4311 1335 4395 Scriptura

238 4443 361 4508 eruere,
376 4429 431 4490 aut
447 4426 477 4492 ei
491 4426 647 4512 subjicere
663 4433 909 4512 praesumerent,
926 4427 1015 4512 enjus
1030 4426 1079 4492 rei
1090 4425 1244 4490 rationem
1258 4420 1333 4485 red-

236 4534 310 4600 dere
325 4541 481 4622 nequeant
498 4536 599 4620 ubam,
621 4556 713 4623 qnam
734 4537 819 4623 qnod
840 4536 903 4623 ipsi
917 4557 1053 4617 sensum,
1075 4555 1167 4621 quem
1182 4527 1330 4597 verbius.

238 4647 342 4715 textus
356 4644 572 4732 subiecerunt,
586 4646 703 4716 bonum
717 4651 812 4735 atque
825 4646 912 4734 pium
926 4644 1114 4733 putaverint.
