3118 5282
276 417 353 496 328

361 597 392 660 3.
418 594 666 660 Considerentur
682 594 834 680 singulari
850 595 1040 675 attentione,
1065 615 1268 679 quaecunque
1290 597 1386 659 dubia
1407 601 1455 658 aut

271 703 372 770 minus
389 707 477 766 certa
493 708 575 766 sunt.
621 703 706 767 Usus
721 704 869 787 loquendi
891 703 1028 770 incertus
1044 704 1253 783 testimoniis,
1278 703 1307 766 si
1332 710 1455 788 praesto

271 816 359 891 eunt,
384 809 602 890 confirmetur,
626 812 676 878 uel
693 811 804 877 saltem
821 811 988 884 collatione
1016 813 1221 876 dialectorum
1244 817 1456 897 cognatarum,

272 925 326 994 aut
350 920 559 1006 etymologiae
582 925 613 986 et
629 919 790 1006 analogiae
813 941 871 1003 ope
886 920 1083 998 illustretur,
1108 921 1193 982 etad
1210 938 1385 998 summum,
1409 921 1458 1002 qui

270 1027 379 1096 haberi
399 1031 523 1110 potest,
554 1028 784 1110 probabilitatis
811 1030 942 1114 gradum
971 1030 1131 1092 evehatur.
1176 1027 1283 1112 Vagus
1312 1028 1460 1109 loquendi

269 1155 362 1214 usus,
387 1141 419 1198 et
440 1137 585 1200 notiones
608 1136 760 1200 orationis
781 1137 883 1201 minus
910 1135 1134 1200 determinatae
1160 1155 1196 1198 ae
1229 1135 1399 1221 ambiguae
1425 1138 1459 1199 ad

272 1248 450 1316 contextum
466 1249 498 1308 et
515 1245 616 1308 omnia
632 1266 678 1328 ea,
701 1267 780 1330 quae
796 1245 829 1308 in
844 1245 1002 1330 loquentis
1018 1244 1157 1330 cogitata
1171 1243 1231 1308 vim
1250 1245 1459 1322 exercuerint,

269 1352 302 1419 ln
318 1351 464 1420 auxilium
479 1353 601 1422 vocatis
618 1353 728 1434 etiam,
751 1354 780 1418 si
796 1359 924 1438 praesto
940 1353 1065 1431 fuerint,
1090 1351 1169 1415 locis
1185 1352 1353 1433 parallelis
1370 1357 1459 1436 atquc
1546 1431 1547 1440 ἵ

270 1460 411 1544 analogia
434 1461 595 1546 exigantur
617 1469 649 1526 et
671 1459 867 1526 deliniantur.
913 1460 1159 1524 Dilucidationes
1187 1459 1459 1546 archaeologicac,

270 1568 412 1652 inprimis
434 1569 605 1634 historicae
626 1573 658 1632 et
680 1569 928 1656 geographicae,
951 1590 989 1632 ex
1007 1568 1085 1652 ipsis
1106 1567 1246 1631 fontibus
1270 1571 1310 1632 ad
1335 1569 1461 1633 verbum

273 1674 459 1758 afferantur,
482 1683 517 1742 ut
532 1678 670 1742 lectores
685 1678 801 1761 ipside
816 1679 911 1742 rebus
922 1677 1067 1761 judicare
1082 1677 1215 1762 possint.

364 1787 396 1851 t.
420 1784 630 1854 Difficultates
655 1808 691 1850 ex
707 1807 806 1868 nexu,
830 1787 953 1852 dicendi
973 1806 1104 1875 genere,
1127 1784 1386 1850 contradictione
1408 1805 1459 1868 ap-
1544 1813 1548 1852 ι

273 1899 402 1976 parente
417 1894 467 1958 vel
484 1895 564 1958 unde
580 1897 825 1980 domumcunque
841 1897 1032 1978 prodeuntes
1055 1893 1229 1974 diluantur,
1253 1894 1301 1957 ita
1322 1899 1363 1958 ut
1383 1894 1461 1962 nulla
1547 1915 1548 1990 p

273 2001 392 2066 intacta
407 2009 461 2065 aut
476 2024 537 2066 non
554 2003 658 2066 soluta
675 2003 881 2086 relinquatur.
1547 1995 1548 2004 ¹

364 2111 395 2175 5.
419 2111 540 2189 Quodsi
564 2114 765 2196 quorumdam
786 2112 928 2176 locorum
949 2111 1054 2176 variae
1071 2110 1246 2174 exstiterint
1267 2108 1460 2194 iuterpreta-

272 2218 395 2298 tioues,
419 2220 615 2304 gravimffius
631 2221 741 2285 saltem
757 2219 877 2302 allatis,
900 2219 1088 2304 promerito
1105 2218 1286 2302 dijudicatis
1311 2239 1352 2282 ac
1368 2218 1460 2282 aesti-

274 2325 366 2388 matis
382 2332 607 2392 commentator
622 2330 808 2393 sententiam
824 2348 911 2392 suam
933 2329 1017 2392 clarc
1039 2328 1196 2407 enuntiet,
1216 2326 1348 2392 idoneis
1370 2347 1460 2412 argu·

274 2435 386 2502 mentis
403 2437 603 2517 comprobet,
627 2441 659 2500 et
675 2443 784 2502 contra
799 2436 994 2520 objectiones
1008 2437 1156 2500 uindicet.

365 2544 397 2608 d.
420 2543 488 2607 Nec
509 2542 663 2609 immerito
685 2547 807 2612 ratione
829 2545 972 2618 locorum
993 2545 1240 2630 dogmaticorum
1264 2563 1459 2606 acommen-

207 2647 208 2652 ’
274 2653 381 2714 tatone
397 2656 612 2734 exspectatur,
635 2659 670 2718 ut
687 2654 854 2740 diligenter
870 2654 1038 2734 examinet,
1061 2657 1165 2716 utrum
1183 2655 1295 2715 auctor
1318 2657 1461 2716 eventum

276 2757 496 2824 miraculosum
512 2781 551 2824 au
566 2763 736 2828 naturalem
751 2764 872 2828 referre
887 2761 1033 2843 volucrit,
1049 2783 1088 2826 an
1105 2783 1142 2826 ex
1157 2760 1292 2823 aliorum
1308 2759 1461 2824 sententia

276 2867 390 2931 dixerit
405 2873 485 2932 etse
499 2873 788 2951 accommodaverit,
807 2877 844 2935 ut
854 2891 950 2956 porro
963 2871 1134 2957 distinguat
1145 2869 1290 2932 instituta
1300 2874 1460 2952 tempora·

275 2976 325 3072 ria
340 2977 377 3040 ab
394 2977 457 3040 illis
473 2979 641 3060 doctrinis,
665 3000 743 3064 quae
759 2985 832 3043 sunt
847 2979 1026 3059 absolutae,
1051 2984 1082 3042 et
1099 2999 1177 3062 quae
1202 2983 1275 3039 sunt
1291 2976 1358 3040 alia
1373 2975 1460 3058 bajus

275 3085 411 3172 generis.
436 3087 501 3151 lmo
519 3107 619 3170 neque
635 3090 867 3170 commentario,
884 3087 972 3171 cujus
988 3091 1037 3152 est
1054 3086 1205 3150 eruditam
1221 3085 1461 3148 subministrare

277 3193 514 3275 expositionem,
529 3194 606 3259 vitio
619 3196 700 3258 verti
711 3202 828 3279 potest,
845 3195 873 3259 si
889 3197 998 3260 saltem
1014 3195 1162 3274 innuerit,
1175 3194 1333 3278 quomodo
1346 3193 1461 3255 veritas

277 3301 510 3374 bermeneutica
525 3325 594 3371 cum
610 3304 710 3389 ipsius
726 3305 774 3370 rei
788 3305 921 3374 veritate
939 3304 1124 3384 consentiat,
1140 3302 1217 3365 licet
1230 3301 1309 3364 alias
1326 3299 1458 3382 objecti·

277 3429 333 3473 vae
348 3411 493 3480 veritatis
507 3433 632 3478 examen
648 3414 686 3478 ad
702 3433 811 3476 munus
826 3412 1010 3495 interpretis
1026 3433 1086 3476 non
1102 3414 1226 3494 spectet
1241 3406 1293 3496 (S.
1309 3407 1365 3500 2).

368 3523 401 3582 7.
424 3520 564 3604 Denique
577 3541 646 3584 com
660 3520 814 3604 ejusmodi
826 3522 950 3585 erudita
961 3521 1133 3588 Bibliorum
1146 3517 1301 3601 expositio
1318 3519 1361 3580 ad
1373 3516 1461 3580 tbco-

279 3624 422 3709 logornm
443 3647 533 3692 usum
555 3629 726 3710 scribatur,
751 3631 857 3716 quidni
884 3651 903 3694 a
926 3633 1171 3694 commentatore
1188 3626 1280 3692 etiam
1307 3644 1386 3688 usus
1403 3623 1463 3686 loci

282 3734 415 3815 expositi
431 3737 625 3821 dogmaticus
642 3745 673 3804 et
688 3739 833 3826 moralis,
857 3758 1040 3832 quamquam
1055 3757 1092 3802 ex
1104 3735 1248 3819 professo
1270 3755 1334 3798 non
1357 3733 1461 3798 trada-

280 3845 349 3921 tur,
373 3843 479 3926 paucis
495 3844 671 3918 interaturt
1125 3915 1128 3920 Δ

372 3951 404 4017 8.
428 3951 556 4016 Domum
582 3955 704 4020 ratione
727 3956 832 4020 babila
858 3957 993 4034 lormae,
1027 3953 1132 4018 versio
1160 3957 1192 4017 et
1217 3951 1463 4034 parapbrasisa

280 4057 462 4127 melioribus
480 4063 616 4148 exegetis
632 4063 705 4128 addi
720 4065 839 4148 solent,
866 4065 906 4138 iis
922 4064 1034 4128 saltem
1048 4062 1080 4126 in
1096 4061 1194 4141 locis,
1217 4058 1272 4141 qui
1293 4056 1464 4121 difficulta-

278 4167 363 4232 tibus
379 4169 540 4250 laborant3
563 4176 655 4237 notae
670 4192 757 4252 vero,
781 4174 809 4236 si
825 4177 898 4238 sunt
913 4171 1085 4252 breuiores,
1109 4169 1257 4233 contiuuo
1275 4167 1378 4230 cuivis
1393 4185 1463 4230 uer·

281 4277 346 4356 sui,
371 4277 469 4342 cuivis
485 4279 555 4342 voci
571 4286 603 4343 et
618 4281 765 4365 loquendi
785 4280 937 4345 formulae
953 4279 1054 4343 minus
1070 4277 1174 4342 clarae
1190 4275 1416 4359 subjiciantur,
1439 4273 1464 4334 si

279 4405 354 4448 vero
371 4391 443 4450 sunt
458 4388 635 4475 longiores,
658 4390 758 4462 itaut
780 4409 838 4454 sno
860 4389 933 4452 loco
958 4389 1095 4452 insertae
1118 4387 1329 4472 cogitatorum
1353 4382 1463 4446 seriem

281 4494 371 4559 nimis
393 4496 672 4582 interrumperent,
696 4506 750 4563 aut
772 4501 810 4564 ab
835 4497 925 4562 initio
947 4502 1002 4560 aut
1025 4496 1058 4561 in
1072 4492 1134 4558 lin'e
1152 4491 1394 4572 commentarii,
1417 4487 1462 4551 rel

280 4600 392 4670 saltem
413 4605 563 4674 sectionis
585 4609 801 4692 exponendae,
825 4607 856 4671 in
879 4606 1053 4699 peculiares
1079 4622 1230 4672 excursus
1247 4599 1461 4682 conjiciantur.
