3120 5294
235 501 287 578 72

308 683 386 752 (ooli.
412 685 471 734 lad.
492 687 544 747 lli,
574 681 634 750 2⁵.)
662 681 834 732 confirmatar-
871 683 934 732 Vide
963 683 1126 732 (taeenti
1152 683 1266 732 buiron
1294 685 1341 734 iet.
1371 687 1441 735 edit.

309 779 389 826 18³3.
410 778 441 824 ad
460 777 526 826 bane
545 789 642 825 votem.

259 860 285 932 ⁸)
305 867 424 927 lixemplo
453 868 489 914 alt
516 869 610 941 ῦξιξζ,
637 879 777 915 aerumna
795 867 822 912 ln
840 865 922 914 titolis
942 865 1100 914 l’aalmoram
1119 866 1191 928 xvi,
1209 867 1278 923 ΙΝΙ,
1299 868 1386 928 ΙΝΙΙ,
1408 874 1438 916 et

306 958 361 1015 al.,
390 958 460 1016 quod
478 958 509 1004 ab
527 957 705 1006 Alexandrinis
725 959 751 1004 et
768 956 946 1006 'theodotione
964 957 1082 1004 redditur
1102 952 1287 1026 ςηλογραφία,
1307 959 1436 1022 inserip-

304 1048 342 1095 tio
360 1047 390 1096 ire
410 1048 499 1112 lapide
516 1049 558 1096 rel
578 1049 717 1100 eolumno.
745 1049 781 1093 lia
799 1051 828 1094 ut
846 1047 882 1094 alt
900 1061 947 1095 ree
966 1047 1160 1107 memorabilia,
1178 1051 1205 1094 et
1223 1050 1250 1096 b.
1269 1047 1288 1095 Ι.
1316 1063 1434 1096 eormea

304 1138 492 1194 memorabile,
513 1139 554 1186 eui
571 1144 657 1186 tamen
675 1138 887 1197 interpretationi
906 1139 1021 1198 reliquae
1041 1139 1161 1186 notiones
1190 1137 1218 1200 (a
1237 1141 1296 1199 οη)
1316 1140 1436 1187 obseoe-

303 1227 385 1284 didit,
405 1227 557 1278 recondidit
574 1227 718 1289 derivatae)
737 1239 883 1321 repugnare
901 1229 1042 1289 videntur,
1069 1233 1110 1276 aet
1128 1229 1212 1290 prima
1229 1191 1303 1276 netlb
1322 1231 1351 1276 in
1371 1231 1435 1276 dia·

303 1338 372 1384 leeto
400 1339 504 1396 syriaca
531 1339 668 1396 anperetea
704 1332 795 1400 (sobe
822 1337 954 1398 stigmate
980 1336 1138 1400 impl-erest,
1170 1337 1307 1400 donarit)
1346 1339 1432 1384 omnia

304 1427 437 1475 eonelliat.

254 1511 279 1578 ⁹)
300 1518 400 1578 Quodsi
418 1518 481 1566 nxx
499 1522 527 1566 et
545 1519 681 1578 Vulgetne,
708 1520 750 1578 qni
769 1517 848 1566 verbe
865 1518 910 1566 Pe.
930 1517 988 1574 Vll,
1010 1518 1053 1564 ΙΙ.
1073 1495 1142 1592 bigiti,
1159 1495 1263 1593 inoffi
1283 1522 1346 1592 itit]
1365 1519 1428 1564 red·

304 1609 441 1656 dictarunt:
474 1605 526 1666 ,,τὰ
551 1601 618 1674 βεἋη
645 1602 713 1656 ἀυτῦ
738 1607 795 1666 τοῖς
827 1603 974 1674 καιομένοις
993 1602 1178 1676 ἐξειργάσατο,
1215 1609 1331 1670 sagittae
1365 1621 1430 1656 euos

304 1698 463 1746 ardentibus
483 1698 600 1758 φάθ’,
618 1699 812 1759 vituperantur,
832 1697 1003 1757 etymologiae
1021 1699 1108 1745 studio
1126 1699 1297 1758 intelligitur,
1317 1699 1431 1745 transla-

300 1789 395 1837 tionem
414 1801 465 1834 non
485 1801 544 1836 ease
564 1801 715 1846 erroneam,
745 1789 793 1836 aed
820 1801 913 1848 prenae
937 1789 1033 1847 primae
1057 1787 1239 1848 significationi
1267 1788 1343 1836 verbi
1370 1766 1430 1862 pb}

301 1879 374 1928 erait
397 1881 549 1939 inhaerere,
578 1880 651 1941 enjus
680 1880 752 1926 notio
779 1879 904 1926 uanelata
931 1882 989 1926 eat:
1019 1881 1150 1928 ardenter
1174 1880 1356 1940 persequenter
1386 1880 1432 1926 eet

303 1969 409 2030 (urea.
429 1969 469 2028 lv,
493 1967 570 2029 iil),
590 1969 626 2016 lta
644 1973 672 2016 ut
691 1946 775 2042 Ε’ρξὶῐ
794 1969 846 2016 aiat
860 1971 1064 2030 persecutores,
1083 1974 1111 2016 et
1129 1970 1255 2016 sententio
1272 1971 1357 2016 nostri
1375 1970 1430 2015 loei

304 2063 474 2121 etymologiae
494 2060 637 2107 aestimati:
666 2059 808 2121 ‚,Sopittoa
832 2060 945 2123 pararit
967 2059 1041 2116 illie,
1068 2059 1114 2122 peti
1139 2061 1203 2107 aaut
1229 2062 1428 2122 perseeutor-ee

303 2152 445 2214 (nostri)”,
465 2163 530 2211 quae
548 2152 729 2211 interpretatio
749 2150 880 2197 contextui
898 2151 1026 2211 eongrult.

562 2345 591 2414 t.
608 2345 652 2402 lt.
668 2343 798 2416 maome
813 2345 923 2418 linguae
938 2346 1090 2404 latretano.

323 2509 441 2573 Eodem
456 2505 524 2572 iere
537 2507 610 2573 loeo
625 2531 694 2574 eum
711 2509 901 2598 etymologia
911 2512 995 2576 inter
1004 2511 1128 2597 linguae
1139 2510 1304 2574 hebraicae
1321 2508 1427 2572 subsi-

229 2619 280 2682 dia
296 2617 438 2702 ponenda
453 2623 502 2680 est
519 2620 678 2700 analogia
692 2621 836 2702 linquae.
853 2619 945 2682 Licet
962 2619 1043 2682 enim
1058 2619 1127 2702 ipsa
1142 2639 1200 2701 per
1215 2637 1250 2679 se
1267 2615 1336 2679 sola
1353 2635 1427 2678 eer-

224 2727 391 2790 titudinem
407 2748 468 2790 non
484 2727 632 2809 praebeat
650 2724 700 2814 (S.
723 2729 777 2792 23.
796 2727 836 2790 ΙΙ.
857 2735 884 2792 t.
901 2733 969 2792 not.
986 2727 1050 2815 5),
1074 2727 1211 2790 utilitate
1232 2729 1335 2788 umen
1362 2745 1425 2788 non

227 2840 324 2898 earet.
341 2834 447 2912 Quid?
464 2835 548 2917 quod
563 2835 594 2897 in
609 2834 715 2922 lingna
730 2835 877 2900 bebraiea
892 2837 1036 2922 analogia
1051 2858 1112 2898 non
1139 2839 1259 2898 tantum
1285 2833 1368 2896 sieut
1391 2831 1425 2894 in

224 2942 295 3008 aliie
310 2942 425 3028 linguis
441 2942 586 3006 notiones
612 2944 836 3008 vocabulorum
857 2945 997 3009 illustrat
1021 2949 1115 3026 atque
1144 2940 1324 3020 confirmat,
1352 2941 1425 3017 sed,

227 3052 301 3134 qnia
324 3053 406 3135 apud
428 3051 589 3114 Hebraeos
612 3052 644 3114 in
668 3053 761 3116 modo
785 3052 1023 3138 significationis
1048 3053 1218 3115 sarmarum
1251 3049 1424 3114 verbalium

229 3165 262 3226 et
276 3159 476 3223 nominalium
492 3157 665 3224 definiendo
681 3159 876 3244 frequentior
892 3167 940 3226 est
951 3167 1045 3243 atque
1054 3160 1259 3239 constantior,
1276 3159 1424 3222 instudio

225 3268 444 3334 hebraicorum
459 3290 535 3332 usus
551 3269 644 3352 hujus
660 3271 794 3336 subsidii
806 3269 898 3334 etiam
911 3270 1064 3350 securior,
1077 3269 1217 3352 adeoque
1231 3273 1262 3332 et
1274 3267 1424 3350 frequen·

226 3378 292 3442 tior
309 3398 378 3442 esse
394 3379 513 3462 poterit
529 3383 561 3441 et
577 3379 712 3460 debebit,
730 3377 840 3444 saltem
856 3379 910 3442 nbi
922 3379 984 3442 alia
994 3377 1133 3442 subsidia
1145 3378 1257 3442 desunt
1271 3373 1313 3464 ¹).
1325 3377 1424 3440 Prae-

227 3487 337 3550 sertim
352 3506 427 3550 vero
443 3486 655 3552 similitudinis
671 3488 824 3552 rationem
839 3488 871 3550 in
889 3485 1168 3572 significationibus
1180 3487 1347 3551 verborum
1363 3504 1421 3568 sy-

225 3613 433 3677 nonymorum
450 3598 482 3656 et
498 3595 752 3658 antithetieorum
769 3595 946 3659 derivandis
962 3601 994 3660 et
1016 3595 1258 3660 determinandis
1274 3592 1424 3658 bebraiea

228 3701 341 3765 erebro
357 3701 584 3785 praeseferunt,
602 3708 795 3786 quapropter
809 3705 940 3769 attentio
958 3706 996 3768 ad
1013 3726 1079 3768 eam
1096 3703 1312 3782 directionem,
1330 3722 1424 3784 qnam

175 3863 178 3874 .
226 3809 363 3874 Hebraei
378 3810 436 3873 bae
451 3810 484 3873 in
500 3831 535 3874 re
551 3817 733 3893 sequuntur,
750 3813 847 3876 multa
863 3813 1034 3878 declarabit
1057 3812 1100 3901 ²).

255 3970 280 4037 ¹)
299 3975 355 4022 ilua
373 3975 493 4034 inprimis
515 3980 635 4036 spectant
653 3977 846 4037 conjugationes
866 3979 939 4026 verbi
958 3979 1086 4040 hebraici,
1106 3991 1248 4040 quaecum
1268 3979 1333 4024 nibil
1353 3978 1424 4024 aliud

301 4065 369 4124 sint,
390 4079 464 4125 quem
482 4068 639 4114 variationes
658 4070 757 4114 formae
775 4071 873 4130 primae
892 4071 939 4117 Kal
958 4073 991 4118 ad
1008 4075 1171 4118 constantem
1189 4069 1333 4128 analogiam
1352 4069 1424 4114 deri-

300 4157 385 4214 vatae,
405 4156 480 4202 etiam
493 4159 589 4203 aemam
604 4169 635 4204 ae
648 4157 775 4206 definitam
789 4160 983 4219 significationis
994 4160 1165 4207 variationem
1181 4169 1304 4206 annexam
1317 4157 1422 4204 babent.

301 4243 345 4292 Sia
364 4245 448 4292 iorma
474 4246 561 4305 liipbil
593 4247 674 4294 verba
698 4249 863 4296 intransitiva
885 4252 984 4298 formae
1003 4251 1052 4298 liei
1071 4251 1097 4297 in
1116 4250 1248 4298 causativa
1265 4249 1307 4294 vel
1324 4247 1422 4293 transi·

296 4335 350 4381 tiva
368 4335 460 4395 variat,
480 4350 504 4384 e.
524 4349 549 4396 g.
569 4339 618 4411 ⁸32
639 4337 730 4392 exivit,
751 4339 831 4398 liiph.
854 4341 931 4387 exire
944 4339 1020 4402 feeit,
1045 4341 1139 4388 eduxit
1156 4342 1211 4413 'ipit
1229 4337 1322 4400 periit,
1342 4336 1423 4396 iiipb.

299 4425 427 4489 perdidit.
448 4425 532 4486 Saepe
549 4430 635 4474 tamen
654 4428 806 4488 significatio
825 4431 922 4477 formae
941 4431 991 4477 Kal
1009 4431 1036 4477 in
1055 4431 1144 4490 liipbil
1163 4443 1216 4477 nen
1235 4432 1364 4484 mutatur,
1383 4429 1423 4474 uti

298 4509 364 4590 app
389 4521 416 4563 et
433 4511 529 4590 nappe
549 4519 638 4578 cauit,
664 4520 800 4580 detraxit,
827 4498 889 4594 abgt
909 4525 935 4568 et
959 4498 1051 4595 pabula
1076 4521 1204 4570 mett-
1233 4519 1293 4566 Part
1319 4519 1422 4565 radone

297 4607 397 4655 iormae
422 4609 561 4657 nominales
580 4613 673 4656 auctae
692 4609 723 4656 ab
742 4609 815 4658 initio
834 4625 882 4673 per
901 4614 919 4660 a
939 4615 1026 4660 solent
1052 4611 1266 4672 significationem
1285 4611 1422 4656 lormalem

304 4698 418 4748 aetionis
442 4701 483 4749 vel
505 4699 560 4750 tori
577 4700 692 4750 aetionis
714 4700 860 4759 adjunctam
878 4703 989 4762 habere,
1019 4717 1043 4752 e.
1064 4715 1089 4762 g·
1111 4701 1189 4777 tibia
1211 4701 1322 4758 eantua,
1344 4699 1421 4770 '¹qu
