3092 5286
565 665 802 730 nitricUnUs
832 667 884 728 lll.

489 826 530 884 lili
557 826 752 890 lbtlUENllS
778 824 954 884 CONSILIO.

388 1011 414 1076 ς.
434 1007 487 1066 iai.
506 1007 615 1066 donalia
630 1007 767 1080 loquentis
783 1009 857 1066 notio
874 1008 903 1066 ot
919 1007 1051 1079 manns.

217 1155 327 1234 Quivis
349 1157 484 1236 prudeus
506 1153 544 1217 ad
566 1153 645 1217 alios
669 1153 764 1218 verba
784 1155 903 1220 iaciens
928 1155 1070 1220 oratioue
1086 1173 1142 1216 sua
1159 1153 1313 1238 quidpiam

126 1265 253 1350 assequi
269 1264 412 1328 intendit.
436 1263 558 1326 Haeeee
575 1263 669 1327 animi
683 1264 836 1347 intentio,
861 1286 921 1350 qua
936 1265 1066 1348 loquens
1084 1268 1204 1326 certum
1221 1259 1315 1326 ellec-

125 1379 192 1438 tum
225 1373 369 1436 oratione
400 1373 598 1436 obtinendum
628 1377 768 1454 spectat,
792 1373 915 1436 ratione
943 1373 1042 1456 ipsius
1071 1375 1245 1438 consilium
1267 1371 1313 1434 lo-

127 1482 254 1565 quertis
274 1481 466 1560 nominatur,
494 1481 615 1544 ratione
630 1501 704 1544 vere
721 1478 851 1544 effeetus
868 1501 1012 1545 sermone
1027 1479 1216 1564 assequendi
1234 1483 1311 1564 finis

124 1590 175 1652 vel
191 1589 454 1676 ecopnedicitur.
481 1588 593 1653 Oratio
607 1591 713 1673 itaque
731 1595 779 1652 est
796 1591 947 1672 modium,
976 1609 1036 1672 quo
1065 1590 1196 1674 loquens
1219 1587 1314 1652 ellec-

124 1701 192 1759 tum
208 1717 283 1760 suae
299 1697 467 1761 intentioni
484 1699 782 1780 correspondentem
793 1699 969 1780 producere
987 1699 1082 1780 cupit.
1100 1699 1219 1778 Quodsi
1235 1719 1313 1760 cou-

124 1805 230 1868 silium
257 1806 357 1870 relate
385 1808 423 1870 ad
451 1807 604 1869 orationis
630 1812 842 1890 argumentum
872 1807 1115 1888 consideratur,
1146 1811 1194 1870 est
1223 1810 1313 1868 notio

121 1918 313 1996 generalia,
338 1934 429 1996 quam
450 1912 589 1998 singulae
611 1914 757 1978 notiones
778 1914 828 1978 rel
851 1915 1025 1977 sententiae
1037 1913 1170 1995 junctim
1193 1919 1313 1976 sumine

123 2028 383 2102 repraesentant,
409 2024 499 2086 etad
522 2044 611 2105 quam
634 2023 725 2104 proin
749 2024 870 2108 singula
892 2025 976 2085 dicta
999 2023 1166 2086 collineare
1189 2022 1312 2085 debent.

122 2127 213 2192 Unde
229 2128 321 2193 facile
336 2131 541 2216 intelligitur,
566 2133 672 2216 quanti
688 2131 836 2194 momenti
852 2133 909 2212 sit,
934 2137 968 2194 ut
984 2132 1140 2213 interpres
1156 2129 1313 2214 loquentis

123 2237 287 2300 eonsilium
303 2237 382 2302 bene
398 2245 597 2322 perspectum
615 2239 728 2302 habeat
745 2238 785 2325 ¹).

212 2347 323 2409 Potest
338 2367 412 2412 vero
431 2349 595 2412 consilinm
613 2349 643 2410 in
661 2348 785 2411 diverso
804 2349 920 2411 ambitu
937 2347 1038 2427 sumi,
1071 2369 1132 2431 qua
1149 2347 1311 2412 eonsilium

123 2453 249 2518 seilicet
265 2456 400 2540 partium
417 2457 571 2520 minorum
586 2457 637 2521 vel
655 2455 824 2537 majorum,
850 2456 964 2541 integri
980 2455 1070 2536 libri,
1095 2456 1202 2540 quidni
1220 2455 1312 2519 etiam

121 2563 259 2644 plurium
275 2564 450 2648 librorum,
475 2587 567 2649 quum
583 2565 739 2650 generalis
757 2565 855 2644 notio,
880 2586 971 2647 quam
988 2587 1044 2628 ceu
1062 2570 1167 2647 partes
1184 2585 1313 2646 reprae-

120 2675 258 2752 sentant,
276 2693 293 2735 e
310 2672 503 2758 singulorum
521 2673 673 2738 librorum
690 2679 873 2758 argumento
892 2674 1096 2750 abstrahitur,
1120 2679 1173 2736 aut
1189 2673 1312 2736 aliunde

122 2780 336 2864 cognoscitur.
356 2779 528 2845 Consilium
544 2803 631 2862 vero,
649 2784 732 2866 quod
749 2782 890 2863 pluribus
906 2781 997 2843 libris
1014 2781 1105 2843 simul
1117 2781 1313 2862 propositum

121 2893 182 2963 est,
197 2893 353 2970 generale
369 2891 477 2970 audit,
503 2892 586 2975 quod
603 2891 657 2952 uni
673 2909 747 2972 prae
764 2890 885 2968 altero,
914 2889 964 2950 vel
982 2889 1074 2951 etiam
1091 2887 1223 2972 siugulis
1239 2889 1313 2950 libri

119 2997 263 3078 partibus
279 2999 440 3081 proprium
458 3004 524 3079 est,
542 3002 690 3080 speciale
713 2995 883 3082 linitura).
910 2995 987 3058 Cum
1005 2995 1142 3078 speciale
1159 2995 1311 3078 ejusmodi

121 3105 287 3168 consilium
302 3106 334 3168 in
351 3127 475 3170 sensum
493 3105 647 3170 orationis
663 3107 919 3190 propinquiorem
936 3105 996 3166 vim
1015 3104 1138 3182 babeat,
1155 3103 1311 3187 interpres

119 3215 307 3296 praesertim
323 3215 401 3279 illud
416 3215 495 3278 bene
511 3221 623 3279 noscat
640 3221 778 3298 oportet,
804 3233 904 3298 eoque
926 3213 1099 3298 perfectius
1124 3233 1181 3275 suo
1205 3211 1310 3276 cilicio

119 3321 314 3385 satisfecisse
332 3325 505 3386 censendus
524 3329 582 3396 est,
600 3345 661 3408 quo
679 3322 857 3386 accuratius
874 3321 951 3383 illud
968 3323 1187 3402 perscrutatus
1202 3319 1309 3398 fuerit,

119 3431 206 3492 etad
223 3431 344 3516 singula
361 3433 514 3495 orationis
531 3433 616 3496 dicta
632 3431 868 3515 interpretanda
884 3429 1072 3494 adhibuerit.

209 3539 410 3624 Nequaquam
426 3561 501 3603 vero
520 3539 667 3618 orationi,
680 3539 821 3622 inprimis
838 3539 951 3602 fusiori
968 3559 1060 3600 unum
1078 3558 1203 3620 semper
1219 3539 1310 3601 debet

117 3647 252 3710 subesse
281 3648 466 3726 consilium,
497 3648 603 3731 potius
632 3649 783 3712 orationis
811 3654 924 3711 auctor
956 3667 1100 3711 sermone
1132 3666 1189 3710 suo
1221 3647 1312 3729 plura

118 3756 283 3820 intendere
307 3763 425 3839 potest,
448 3778 527 3839 quae
550 3763 654 3821 tamen
676 3758 858 3842 plerumque
883 3758 921 3819 ad
946 3777 1040 3820 unum
1065 3755 1190 3840 aliquod
1212 3757 1312 3840 ipsius

117 3865 283 3928 eonsilium
304 3866 452 3952 generale
476 3867 590 3931 referri
612 3872 745 3950 possunt
757 3864 800 3951 ³).

207 3973 310 4036 Firma
331 3981 434 4038 autem
456 3976 533 4039 baec
561 3978 622 4040 duo
648 3981 793 4040 manent:
825 3979 978 4040 Consilia
1000 3979 1067 4038 sibi
1089 3976 1310 4040 adversantia

112 4085 197 4146 nulli
218 4083 363 4166 loquenti
390 4103 465 4148 esee
485 4091 677 4167 proposita,
707 4091 757 4148 et:
785 4107 892 4150 sanae
915 4089 1033 4148 mentia
1056 4087 1218 4146 bominem
1235 4088 1311 4146 aine

112 4195 254 4256 coneilio
261 4241 271 4273 ,
295 4195 342 4257 ed
363 4196 451 4275 quod
471 4198 604 4276 cingula
625 4197 765 4276 diripui,
791 4197 892 4258 cerba
913 4215 979 4255 non
997 4197 1122 4277 fecere.

139 4371 164 4436 ¹)
183 4376 324 4424 Praeclare
352 4354 458 4424 iterio.
479 4379 584 4425 llardt
611 4380 637 4424 in
662 4379 786 4424 Element.
815 4393 919 4438 exspes.
951 4382 1065 4426 univers.
1096 4379 1123 4425 c.
1144 4379 1192 4432 Vl,
1214 4392 1238 4434 p.
1261 4379 1305 4422 ie.

186 4467 301 4513 monuit:
329 4468 470 4528 „Auctoris
494 4482 600 4528 scopum
622 4481 716 4524 nosse,
744 4473 785 4515 est
803 4473 932 4516 maximam
952 4470 1011 4516 libri
1035 4471 1134 4528 partem
1150 4468 1302 4524 intelligere.

184 4557 231 4603 Est
257 4557 324 4603 enim
348 4571 442 4616 scopus
464 4561 547 4607 enimn
573 4560 653 4606 totius
681 4557 749 4604 libri.
785 4559 893 4617 Cognito
919 4571 999 4618 scopo
1024 4560 1086 4618 (uon
1117 4561 1214 4604 tentum
1242 4557 1301 4600 libri

184 4647 295 4706 integri,
326 4649 372 4696 sed
399 4653 426 4696 et
450 4637 607 4708 singularum
632 4649 755 4708 partium]
782 4651 880 4708 singula
906 4653 946 4695 vei
976 4649 1145 4696 minutissima
1174 4647 1298 4692 rationem
