<?xml version="1.0" encoding="UTF-8"?>
<!DOCTYPE html PUBLIC "-//W3C//DTD XHTML 1.0 Transitional//EN"
    "http://www.w3.org/TR/xhtml1/DTD/xhtml1-transitional.dtd">
<html xmlns="http://www.w3.org/1999/xhtml" xml:lang="en" lang="en">
 <head>
  <title>
</title>
<meta http-equiv="Content-Type" content="text/html;charset=utf-8" />
  <meta name='ocr-system' content='tesseract 3.04.00' />
  <meta name='ocr-capabilities' content='ocr_page ocr_carea ocr_par ocr_line ocrx_word'/>
</head>
<body>
  <div class='ocr_page' id='page_1' title='image "./hermeneuticabib00kohlgoog_0253.png"; bbox 0 0 3092 5286; ppageno 0'>
   <div class='ocr_carea' id='block_1_1' title="bbox 248 451 326 528">
    <p class='ocr_par' dir='ltr' id='par_1_1' title="bbox 248 451 326 528">
     <span class='ocr_line' id='line_1_1' title="bbox 248 451 326 528; baseline 0.026 -3"><span class='ocrx_word' id='word_1_1' title='bbox 248 451 326 528; x_wconf 76' lang='lat'>228</span> 
     </span>
    </p>
   </div>
   <div class='ocr_carea' id='block_1_2' title="bbox 319 627 1437 869">
    <p class='ocr_par' dir='ltr' id='par_1_2' title="bbox 319 627 1437 869">
     <span class='ocr_line' id='line_1_2' title="bbox 323 627 1437 690; baseline -0.002 -12"><span class='ocrx_word' id='word_1_2' title='bbox 323 633 355 678; x_wconf 84' lang='lat' dir='ltr'>ad</span> <span class='ocrx_word' id='word_1_3' title='bbox 373 630 571 678; x_wconf 79' lang='lat' dir='ltr'>toruicttionem</span> <span class='ocrx_word' id='word_1_4' title='bbox 590 631 617 676; x_wconf 83' lang='lat' dir='ltr'>et</span> <span class='ocrx_word' id='word_1_5' title='bbox 635 627 807 676; x_wconf 81' lang='lat' dir='ltr'>idololatriam</span> <span class='ocrx_word' id='word_1_6' title='bbox 825 627 922 674; x_wconf 87' lang='lat' dir='ltr'>inducti</span> <span class='ocrx_word' id='word_1_7' title='bbox 936 631 1014 687; x_wconf 80' lang='lat' dir='ltr'>atque</span> <span class='ocrx_word' id='word_1_8' title='bbox 1029 629 1109 676; x_wconf 65' lang='lat' dir='ltr'>omisi</span> <span class='ocrx_word' id='word_1_9' title='bbox 1122 629 1196 678; x_wconf 82' lang='lat' dir='ltr'>Num.</span> <span class='ocrx_word' id='word_1_10' title='bbox 1210 629 1283 690; x_wconf 77' lang='lat' dir='ltr'>xxi,</span> <span class='ocrx_word' id='word_1_11' title='bbox 1305 630 1330 676; x_wconf 71' lang='grc'>9.</span> <span class='ocrx_word' id='word_1_12' title='bbox 1350 627 1437 677; x_wconf 84' lang='lat' dir='ltr'>dicun·</span> 
     </span>
     <span class='ocr_line' id='line_1_3' title="bbox 321 717 1437 780; baseline -0.001 -12"><span class='ocrx_word' id='word_1_13' title='bbox 321 725 364 768; x_wconf 87' lang='lat' dir='ltr'>tur</span> <span class='ocrx_word' id='word_1_14' title='bbox 383 721 497 779; x_wconf 48' lang='lat' dir='ltr'>tutto,</span> <span class='ocrx_word' id='word_1_15' title='bbox 526 720 547 765; x_wconf 90' lang='lat' dir='ltr'>i.</span> <span class='ocrx_word' id='word_1_16' title='bbox 566 717 629 766; x_wconf 80' lang='lat' dir='ltr'>cnr.</span> <span class='ocrx_word' id='word_1_17' title='bbox 644 729 706 764; x_wconf 80' lang='lat' dir='ltr'>vero</span> <span class='ocrx_word' id='word_1_18' title='bbox 726 718 762 778; x_wconf 78' lang='lat' dir='ltr'>X,</span> <span class='ocrx_word' id='word_1_19' title='bbox 787 718 814 764; x_wconf 83' lang='grc'>8.</span> <span class='ocrx_word' id='word_1_20' title='bbox 835 722 1001 764; x_wconf 84' lang='lat' dir='ltr'>numerantur</span> <span class='ocrx_word' id='word_1_21' title='bbox 1020 719 1133 780; x_wconf 53' lang='lat' dir='ltr'>tuditi),</span> <span class='ocrx_word' id='word_1_22' title='bbox 1153 720 1234 779; x_wconf 87' lang='lat' dir='ltr'>priori</span> <span class='ocrx_word' id='word_1_23' title='bbox 1252 720 1312 766; x_wconf 89' lang='lat' dir='ltr'>loco</span> <span class='ocrx_word' id='word_1_24' title='bbox 1329 720 1380 766; x_wconf 79' lang='lat' dir='ltr'>viri</span> <span class='ocrx_word' id='word_1_25' title='bbox 1399 721 1437 768; x_wconf 84' lang='lat' dir='ltr'>dic</span> 
     </span>
     <span class='ocr_line' id='line_1_4' title="bbox 319 807 837 869; baseline -0.01 -13"><span class='ocrx_word' id='word_1_26' title='bbox 319 810 490 869; x_wconf 82' lang='lat' dir='ltr'>praecedente</span> <span class='ocrx_word' id='word_1_27' title='bbox 509 807 590 855; x_wconf 87' lang='lat' dir='ltr'>oceiei</span> <span class='ocrx_word' id='word_1_28' title='bbox 609 807 690 854; x_wconf 80' lang='lat' dir='ltr'>additi</span> <span class='ocrx_word' id='word_1_29' title='bbox 709 807 837 854; x_wconf 80' lang='lat' dir='ltr'>videntur.</span> 
     </span>
    </p>
   </div>
   <div class='ocr_carea' id='block_1_3' title="bbox 275 893 1545 974">
    <p class='ocr_par' dir='ltr' id='par_1_3' title="bbox 275 893 1545 974">
     <span class='ocr_line' id='line_1_5' title="bbox 275 893 1545 974; baseline -0.003 -27"><span class='ocrx_word' id='word_1_30' title='bbox 275 893 301 964; x_wconf 77' lang='lat'>*)</span> <span class='ocrx_word' id='word_1_31' title='bbox 321 900 387 960; x_wconf 74' lang='lat' dir='ltr'>Quid</span> <span class='ocrx_word' id='word_1_32' title='bbox 406 913 431 946; x_wconf 89' lang='lat' dir='ltr'>e.</span> <span class='ocrx_word' id='word_1_33' title='bbox 455 911 481 958; x_wconf 73' lang='lat' dir='ltr'>g.</span> <span class='ocrx_word' id='word_1_34' title='bbox 499 901 525 946; x_wconf 86' lang='lat' dir='ltr'>in</span> <span class='ocrx_word' id='word_1_35' title='bbox 542 898 665 956; x_wconf 81' lang='lat' dir='ltr'>parabola</span> <span class='ocrx_word' id='word_1_36' title='bbox 684 897 773 944; x_wconf 72' lang='lat' dir='ltr'>Mattio.</span> <span class='ocrx_word' id='word_1_37' title='bbox 799 897 868 953; x_wconf 78' lang='lat' dir='ltr'>XXI,</span> <span class='ocrx_word' id='word_1_38' title='bbox 887 897 930 946; x_wconf 78' lang='grc'>39.</span> <span class='ocrx_word' id='word_1_39' title='bbox 951 897 1184 958; x_wconf 69' lang='lat' dir='ltr'>confierent,</span> <span class='ocrx_word' id='word_1_40' title='bbox 1205 900 1232 945; x_wconf 86' lang='grc'>8.</span> <span class='ocrx_word' id='word_1_41' title='bbox 1250 899 1284 947; x_wconf 83' lang='lat' dir='ltr'>ad</span> <span class='ocrx_word' id='word_1_42' title='bbox 1305 899 1437 946; x_wconf 81' lang='lat' dir='ltr'>concilium</span> <span class='ocrx_word' id='word_1_43' title='bbox 1544 935 1545 974; x_wconf 72' lang='lat'>1</span> 
     </span>
    </p>
   </div>
   <div class='ocr_carea' id='block_1_4' title="bbox 273 987 1437 2044">
    <p class='ocr_par' dir='ltr' id='par_1_4' title="bbox 320 987 1297 1046">
     <span class='ocr_line' id='line_1_6' title="bbox 320 987 1297 1046; baseline -0.001 -8"><span class='ocrx_word' id='word_1_44' title='bbox 320 993 347 1038; x_wconf 90' lang='lat' dir='ltr'>et</span> <span class='ocrx_word' id='word_1_45' title='bbox 363 1001 466 1038; x_wconf 79' lang='lat' dir='ltr'>censum</span> <span class='ocrx_word' id='word_1_46' title='bbox 481 989 560 1046; x_wconf 78' lang='lat' dir='ltr'>lectt,</span> <span class='ocrx_word' id='word_1_47' title='bbox 579 1001 639 1036; x_wconf 86' lang='lat' dir='ltr'>uum</span> <span class='ocrx_word' id='word_1_48' title='bbox 658 987 723 1035; x_wconf 77' lang='lat' dir='ltr'>nlius</span> <span class='ocrx_word' id='word_1_49' title='bbox 743 988 770 1034; x_wconf 89' lang='lat' dir='ltr'>in</span> <span class='ocrx_word' id='word_1_50' title='bbox 789 987 881 1042; x_wconf 84' lang='lat' dir='ltr'>vinea,</span> <span class='ocrx_word' id='word_1_51' title='bbox 901 999 933 1034; x_wconf 84' lang='lat' dir='ltr'>eu</span> <span class='ocrx_word' id='word_1_52' title='bbox 954 991 1027 1034; x_wconf 83' lang='lat' dir='ltr'>extra</span> <span class='ocrx_word' id='word_1_53' title='bbox 1043 1001 1098 1035; x_wconf 85' lang='lat' dir='ltr'>eam</span> <span class='ocrx_word' id='word_1_54' title='bbox 1116 990 1218 1037; x_wconf 85' lang='lat' dir='ltr'>oceieue</span> <span class='ocrx_word' id='word_1_55' title='bbox 1237 989 1297 1037; x_wconf 80' lang='lat' dir='ltr'>ettt</span> 
     </span>
    </p>

    <p class='ocr_par' dir='ltr' id='par_1_5' title="bbox 275 1074 1435 1230">
     <span class='ocr_line' id='line_1_7' title="bbox 275 1074 1435 1142; baseline -0.001 -16"><span class='ocrx_word' id='word_1_56' title='bbox 275 1074 301 1142; x_wconf 65' lang='grc' dir='ltr'>ι)</span> <span class='ocrx_word' id='word_1_57' title='bbox 319 1081 446 1128; x_wconf 78' lang='lat' dir='ltr'>Auctor-ee</span> <span class='ocrx_word' id='word_1_58' title='bbox 467 1079 577 1128; x_wconf 75' lang='lat' dir='ltr'>biblico·</span> <span class='ocrx_word' id='word_1_59' title='bbox 596 1091 658 1127; x_wconf 79' lang='lat' dir='ltr'>eece</span> <span class='ocrx_word' id='word_1_60' title='bbox 684 1090 787 1134; x_wconf 83' lang='lat' dir='ltr'>rerum,</span> <span class='ocrx_word' id='word_1_61' title='bbox 815 1089 879 1137; x_wconf 84' lang='lat' dir='ltr'>quae</span> <span class='ocrx_word' id='word_1_62' title='bbox 904 1083 1027 1135; x_wconf 84' lang='lat' dir='ltr'>narrant,</span> <span class='ocrx_word' id='word_1_63' title='bbox 1046 1083 1130 1126; x_wconf 80' lang='lat' dir='ltr'>testeo</span> <span class='ocrx_word' id='word_1_64' title='bbox 1150 1078 1201 1127; x_wconf 82' lang='lat' dir='ltr'>ide</span> <span class='ocrx_word' id='word_1_65' title='bbox 1221 1080 1390 1140; x_wconf 71' lang='lat' dir='ltr'>diputeeimoe</span> <span class='ocrx_word' id='word_1_66' title='bbox 1406 1091 1435 1125; x_wconf 85' lang='lat' dir='ltr'>ec</span> 
     </span>
     <span class='ocr_line' id='line_1_8' title="bbox 321 1167 1386 1230; baseline -0.002 -12"><span class='ocrx_word' id='word_1_67' title='bbox 321 1172 389 1218; x_wconf 85' lang='lat' dir='ltr'>omui</span> <span class='ocrx_word' id='word_1_68' title='bbox 407 1172 559 1230; x_wconf 73' lang='lat' dir='ltr'>exceptione</span> <span class='ocrx_word' id='word_1_69' title='bbox 577 1168 704 1230; x_wconf 77' lang='lat' dir='ltr'>mojoree,</span> <span class='ocrx_word' id='word_1_70' title='bbox 724 1167 932 1215; x_wconf 79' lang='lat' dir='ltr'>Introductionee</span> <span class='ocrx_word' id='word_1_71' title='bbox 950 1167 978 1214; x_wconf 91' lang='lat' dir='ltr'>in</span> <span class='ocrx_word' id='word_1_72' title='bbox 996 1168 1064 1214; x_wconf 81' lang='lat' dir='ltr'>libro</span> <span class='ocrx_word' id='word_1_73' title='bbox 1084 1171 1116 1216; x_wconf 82' lang='grc' dir='ltr'>Α.</span> <span class='ocrx_word' id='word_1_74' title='bbox 1136 1173 1163 1214; x_wconf 88' lang='lat' dir='ltr'>et</span> <span class='ocrx_word' id='word_1_75' title='bbox 1180 1170 1212 1216; x_wconf 86' lang='grc' dir='ltr'>Ν.</span> <span class='ocrx_word' id='word_1_76' title='bbox 1233 1171 1263 1216; x_wconf 76' lang='lat' dir='ltr'>p,</span> <span class='ocrx_word' id='word_1_77' title='bbox 1280 1171 1386 1216; x_wconf 84' lang='lat' dir='ltr'>docent.</span> 
     </span>
    </p>

    <p class='ocr_par' dir='ltr' id='par_1_6' title="bbox 279 1258 1437 1772">
     <span class='ocr_line' id='line_1_9' title="bbox 279 1258 1434 1324; baseline 0 -16"><span class='ocrx_word' id='word_1_78' title='bbox 279 1258 310 1324; x_wconf 77' lang='lat' dir='ltr'>t)</span> <span class='ocrx_word' id='word_1_79' title='bbox 330 1262 384 1320; x_wconf 83' lang='lat' dir='ltr'>ita,</span> <span class='ocrx_word' id='word_1_80' title='bbox 403 1261 427 1308; x_wconf 86' lang='lat' dir='ltr'>ei</span> <span class='ocrx_word' id='word_1_81' title='bbox 444 1274 469 1308; x_wconf 87' lang='lat' dir='ltr'>e.</span> <span class='ocrx_word' id='word_1_82' title='bbox 489 1273 514 1320; x_wconf 76' lang='lat' dir='ltr'>p.</span> <span class='ocrx_word' id='word_1_83' title='bbox 533 1259 611 1307; x_wconf 80' lang='lat' dir='ltr'>liare.</span> <span class='ocrx_word' id='word_1_84' title='bbox 632 1259 681 1319; x_wconf 85' lang='lat' dir='ltr'>Vi,</span> <span class='ocrx_word' id='word_1_85' title='bbox 704 1261 746 1305; x_wconf 74' lang='lat'>1⁷.</span> <span class='ocrx_word' id='word_1_86' title='bbox 766 1260 848 1305; x_wconf 79' lang='lat' dir='ltr'>iruter</span> <span class='ocrx_word' id='word_1_87' title='bbox 867 1259 980 1306; x_wconf 83' lang='lat' dir='ltr'>iierodic</span> <span class='ocrx_word' id='word_1_88' title='bbox 993 1259 1102 1318; x_wconf 74' lang='lat' dir='ltr'>Antipee</span> <span class='ocrx_word' id='word_1_89' title='bbox 1121 1260 1217 1306; x_wconf 85' lang='lat' dir='ltr'>dicitur</span> <span class='ocrx_word' id='word_1_90' title='bbox 1234 1259 1434 1322; x_wconf 83' lang='lat' dir='ltr'>Phiiippus,</span> 
     </span>
     <span class='ocr_line' id='line_1_10' title="bbox 319 1349 1434 1412; baseline -0.001 -13"><span class='ocrx_word' id='word_1_91' title='bbox 319 1365 394 1412; x_wconf 84' lang='lat' dir='ltr'>quem</span> <span class='ocrx_word' id='word_1_92' title='bbox 410 1352 467 1399; x_wconf 78' lang='lat' dir='ltr'>doe.</span> <span class='ocrx_word' id='word_1_93' title='bbox 491 1351 595 1399; x_wconf 72' lang='lat' dir='ltr'>Flavius</span> <span class='ocrx_word' id='word_1_94' title='bbox 612 1349 737 1410; x_wconf 77' lang='lat' dir='ltr'>Antiqult.</span> <span class='ocrx_word' id='word_1_95' title='bbox 754 1349 836 1404; x_wconf 73' lang='lat' dir='ltr'>xvii,</span> <span class='ocrx_word' id='word_1_96' title='bbox 867 1351 888 1395; x_wconf 90' lang='lat' dir='ltr'>t.</span> <span class='ocrx_word' id='word_1_97' title='bbox 911 1351 937 1395; x_wconf 76' lang='lat'>2.</span> <span class='ocrx_word' id='word_1_98' title='bbox 963 1354 1039 1396; x_wconf 84' lang='lat' dir='ltr'>vocat</span> <span class='ocrx_word' id='word_1_99' title='bbox 1064 1351 1250 1411; x_wconf 86' lang='lat' dir='ltr'>iierodem,</span> <span class='ocrx_word' id='word_1_100' title='bbox 1276 1352 1304 1398; x_wconf 81' lang='lat' dir='ltr'>id</span> <span class='ocrx_word' id='word_1_101' title='bbox 1326 1350 1434 1398; x_wconf 80' lang='lat' dir='ltr'>difficul-</span> 
     </span>
     <span class='ocr_line' id='line_1_11' title="bbox 318 1439 1434 1500; baseline -0.004 -9"><span class='ocrx_word' id='word_1_102' title='bbox 318 1447 397 1491; x_wconf 83' lang='lat' dir='ltr'>tetem</span> <span class='ocrx_word' id='word_1_103' title='bbox 417 1453 468 1488; x_wconf 89' lang='lat' dir='ltr'>non</span> <span class='ocrx_word' id='word_1_104' title='bbox 491 1443 579 1500; x_wconf 67' lang='lat' dir='ltr'>creet,</span> <span class='ocrx_word' id='word_1_105' title='bbox 599 1439 700 1487; x_wconf 84' lang='lat' dir='ltr'>scillcet</span> <span class='ocrx_word' id='word_1_106' title='bbox 715 1452 729 1486; x_wconf 94' lang='lat' dir='ltr'>e</span> <span class='ocrx_word' id='word_1_107' title='bbox 747 1439 861 1498; x_wconf 83' lang='lat' dir='ltr'>Jocepho</span> <span class='ocrx_word' id='word_1_108' title='bbox 880 1443 907 1485; x_wconf 92' lang='lat' dir='ltr'>et</span> <span class='ocrx_word' id='word_1_109' title='bbox 929 1439 989 1486; x_wconf 81' lang='lat' dir='ltr'>eliis</span> <span class='ocrx_word' id='word_1_110' title='bbox 1013 1441 1078 1487; x_wconf 83' lang='lat' dir='ltr'>satie</span> <span class='ocrx_word' id='word_1_111' title='bbox 1099 1444 1217 1497; x_wconf 80' lang='lat' dir='ltr'>constat,</span> <span class='ocrx_word' id='word_1_112' title='bbox 1238 1442 1333 1488; x_wconf 89' lang='lat' dir='ltr'>multoe</span> <span class='ocrx_word' id='word_1_113' title='bbox 1352 1443 1434 1490; x_wconf 86' lang='lat' dir='ltr'>liero-</span> 
     </span>
     <span class='ocr_line' id='line_1_12' title="bbox 317 1529 1436 1592; baseline -0.004 -11"><span class='ocrx_word' id='word_1_114' title='bbox 317 1533 357 1581; x_wconf 84' lang='lat' dir='ltr'>die</span> <span class='ocrx_word' id='word_1_115' title='bbox 374 1532 409 1579; x_wconf 80' lang='lat' dir='ltr'>il.</span> <span class='ocrx_word' id='word_1_116' title='bbox 430 1529 515 1592; x_wconf 83' lang='lat' dir='ltr'>ditos,</span> <span class='ocrx_word' id='word_1_117' title='bbox 545 1530 595 1578; x_wconf 88' lang='lat' dir='ltr'>etet</span> <span class='ocrx_word' id='word_1_118' title='bbox 611 1543 659 1578; x_wconf 89' lang='lat' dir='ltr'>euo</span> <span class='ocrx_word' id='word_1_119' title='bbox 681 1529 789 1590; x_wconf 78' lang='lat' dir='ltr'>quisque</span> <span class='ocrx_word' id='word_1_120' title='bbox 818 1531 988 1590; x_wconf 71' lang='lat' dir='ltr'>cognomine,</span> <span class='ocrx_word' id='word_1_121' title='bbox 1017 1543 1066 1590; x_wconf 82' lang='lat' dir='ltr'>quc</span> <span class='ocrx_word' id='word_1_122' title='bbox 1091 1531 1123 1576; x_wconf 84' lang='lat' dir='ltr'>ab</span> <span class='ocrx_word' id='word_1_123' title='bbox 1143 1529 1199 1577; x_wconf 81' lang='lat' dir='ltr'>eliie</span> <span class='ocrx_word' id='word_1_124' title='bbox 1218 1531 1436 1591; x_wconf 74' lang='lat' dir='ltr'>distingueretur,</span> 
     </span>
     <span class='ocr_line' id='line_1_13' title="bbox 318 1611 1437 1684; baseline -0.001 -14"><span class='ocrx_word' id='word_1_125' title='bbox 318 1623 457 1684; x_wconf 71' lang='lat' dir='ltr'>insignitus</span> <span class='ocrx_word' id='word_1_126' title='bbox 482 1623 578 1683; x_wconf 85' lang='lat' dir='ltr'>tuerit,</span> <span class='ocrx_word' id='word_1_127' title='bbox 604 1621 716 1669; x_wconf 85' lang='lat' dir='ltr'>iiercdie</span> <span class='ocrx_word' id='word_1_128' title='bbox 742 1624 828 1668; x_wconf 79' lang='lat' dir='ltr'>teneo</span> <span class='ocrx_word' id='word_1_129' title='bbox 855 1633 946 1668; x_wconf 84' lang='lat' dir='ltr'>nomeu</span> <span class='ocrx_word' id='word_1_130' title='bbox 970 1621 1129 1681; x_wconf 82' lang='lat' dir='ltr'>retinuisse,</span> <span class='ocrx_word' id='word_1_131' title='bbox 1156 1622 1222 1669; x_wconf 82' lang='lat' dir='ltr'>adeo</span> <span class='ocrx_word' id='word_1_132' title='bbox 1251 1627 1280 1669; x_wconf 87' lang='lat' dir='ltr'>ut</span> <span class='ocrx_word' id='word_1_133' title='bbox 1309 1611 1437 1671; x_wconf 64' lang='lat' dir='ltr'>uterum</span> 
     </span>
     <span class='ocr_line' id='line_1_14' title="bbox 319 1711 752 1772; baseline -0.012 -11"><span class='ocrx_word' id='word_1_134' title='bbox 319 1726 336 1760; x_wconf 86' lang='lat' dir='ltr'>a</span> <span class='ocrx_word' id='word_1_135' title='bbox 355 1711 526 1772; x_wconf 68' lang='lat' dir='ltr'>emptoribus</span> <span class='ocrx_word' id='word_1_136' title='bbox 546 1711 752 1772; x_wconf 82' lang='lat' dir='ltr'>appellereutur.</span> 
     </span>
    </p>

    <p class='ocr_par' dir='ltr' id='par_1_7' title="bbox 273 1795 1437 2044">
     <span class='ocr_line' id='line_1_15' title="bbox 273 1795 1435 1864; baseline -0.003 -14"><span class='ocrx_word' id='word_1_137' title='bbox 273 1795 298 1864; x_wconf 65' lang='lat' dir='ltr'>l)</span> <span class='ocrx_word' id='word_1_138' title='bbox 318 1803 387 1850; x_wconf 64' lang='lat' dir='ltr'>&#39;inlu</span> <span class='ocrx_word' id='word_1_139' title='bbox 407 1805 465 1862; x_wconf 83' lang='lat' dir='ltr'>ext,</span> <span class='ocrx_word' id='word_1_140' title='bbox 491 1803 514 1849; x_wconf 86' lang='lat' dir='ltr'>ei</span> <span class='ocrx_word' id='word_1_141' title='bbox 538 1802 641 1854; x_wconf 88' lang='lat' dir='ltr'>dlcunt,</span> <span class='ocrx_word' id='word_1_142' title='bbox 666 1804 797 1848; x_wconf 78' lang='lat' dir='ltr'>ructorem</span> <span class='ocrx_word' id='word_1_143' title='bbox 818 1801 879 1848; x_wconf 80' lang='lat' dir='ltr'>iibri</span> <span class='ocrx_word' id='word_1_144' title='bbox 899 1802 919 1848; x_wconf 93' lang='lat' dir='ltr'>i.</span> <span class='ocrx_word' id='word_1_145' title='bbox 945 1800 1060 1850; x_wconf 81' lang='lat' dir='ltr'>liccceb.</span> <span class='ocrx_word' id='word_1_146' title='bbox 1086 1812 1144 1862; x_wconf 85' lang='lat' dir='ltr'>cap.</span> <span class='ocrx_word' id='word_1_147' title='bbox 1169 1800 1236 1848; x_wconf 77' lang='lat' dir='ltr'>viii.</span> <span class='ocrx_word' id='word_1_148' title='bbox 1263 1801 1435 1848; x_wconf 76' lang='lat' dir='ltr'>Romanorum</span> 
     </span>
     <span class='ocr_line' id='line_1_16' title="bbox 316 1891 1437 1953; baseline -0.002 -13"><span class='ocrx_word' id='word_1_149' title='bbox 316 1894 449 1952; x_wconf 73' lang='lat' dir='ltr'>inperium</span> <span class='ocrx_word' id='word_1_150' title='bbox 467 1892 544 1953; x_wconf 72' lang='lat' dir='ltr'>longe</span> <span class='ocrx_word' id='word_1_151' title='bbox 567 1892 636 1940; x_wconf 81' lang='lat' dir='ltr'>eliud</span> <span class='ocrx_word' id='word_1_152' title='bbox 659 1891 828 1947; x_wconf 80' lang='lat' dir='ltr'>describere,</span> <span class='ocrx_word' id='word_1_153' title='bbox 857 1903 931 1952; x_wconf 80' lang='lat' dir='ltr'>quem</span> <span class='ocrx_word' id='word_1_154' title='bbox 954 1892 1066 1938; x_wconf 80' lang='lat' dir='ltr'>historie</span> <span class='ocrx_word' id='word_1_155' title='bbox 1087 1894 1160 1939; x_wconf 84' lang='lat' dir='ltr'>certe</span> <span class='ocrx_word' id='word_1_156' title='bbox 1182 1892 1282 1949; x_wconf 83' lang='lat' dir='ltr'>reteri,</span> <span class='ocrx_word' id='word_1_157' title='bbox 1303 1904 1362 1938; x_wconf 87' lang='lat' dir='ltr'>cum</span> <span class='ocrx_word' id='word_1_158' title='bbox 1387 1905 1437 1938; x_wconf 92' lang='lat' dir='ltr'>uon</span> 
     </span>
     <span class='ocr_line' id='line_1_17' title="bbox 316 1980 1183 2044; baseline -0.003 -13"><span class='ocrx_word' id='word_1_159' title='bbox 316 1985 418 2033; x_wconf 80' lang='lat' dir='ltr'>rederet</span> <span class='ocrx_word' id='word_1_160' title='bbox 442 1983 491 2030; x_wconf 84' lang='lat' dir='ltr'>ulei</span> <span class='ocrx_word' id='word_1_161' title='bbox 514 1997 561 2044; x_wconf 86' lang='lat' dir='ltr'>ee,</span> <span class='ocrx_word' id='word_1_162' title='bbox 581 1995 646 2044; x_wconf 82' lang='lat' dir='ltr'>qnae</span> <span class='ocrx_word' id='word_1_163' title='bbox 665 1980 749 2029; x_wconf 82' lang='lat' dir='ltr'>iudeo</span> <span class='ocrx_word' id='word_1_164' title='bbox 769 1983 802 2030; x_wconf 85' lang='lat' dir='ltr'>de</span> <span class='ocrx_word' id='word_1_165' title='bbox 817 1982 868 2029; x_wconf 81' lang='lat' dir='ltr'>isto</span> <span class='ocrx_word' id='word_1_166' title='bbox 891 1993 971 2041; x_wconf 77' lang='lat' dir='ltr'>regno</span> <span class='ocrx_word' id='word_1_167' title='bbox 991 1984 1097 2028; x_wconf 73' lang='lat' dir='ltr'>nemete</span> <span class='ocrx_word' id='word_1_168' title='bbox 1116 1985 1183 2029; x_wconf 85' lang='lat' dir='ltr'>eunt.</span> 
     </span>
    </p>
   </div>
   <div class='ocr_carea' id='block_1_5' title="bbox 559 2121 1136 2196">
    <p class='ocr_par' dir='ltr' id='par_1_8' title="bbox 559 2121 1136 2196">
     <span class='ocr_line' id='line_1_18' title="bbox 559 2121 1136 2196; baseline -0.007 -12"><span class='ocrx_word' id='word_1_169' title='bbox 559 2125 588 2192; x_wconf 83' lang='lat' dir='ltr'>s-</span> <span class='ocrx_word' id='word_1_170' title='bbox 606 2124 660 2186; x_wconf 79' lang='lat' dir='ltr'>lit.</span> <span class='ocrx_word' id='word_1_171' title='bbox 674 2121 766 2196; x_wconf 70' lang='lat' dir='ltr'>iupus</span> <span class='ocrx_word' id='word_1_172' title='bbox 781 2122 901 2182; x_wconf 87' lang='lat' dir='ltr'>locorum</span> <span class='ocrx_word' id='word_1_173' title='bbox 916 2121 1136 2194; x_wconf 73' lang='lat' dir='ltr'>donnatioorum</span> 
     </span>
    </p>
   </div>
   <div class='ocr_carea' id='block_1_6' title="bbox 246 2249 1438 2771">
    <p class='ocr_par' dir='ltr' id='par_1_9' title="bbox 246 2249 1438 2662">
     <span class='ocr_line' id='line_1_19' title="bbox 336 2249 1435 2337; baseline 0.002 -25"><span class='ocrx_word' id='word_1_174' title='bbox 336 2249 494 2314; x_wconf 78' lang='lat' dir='ltr'><strong>Locorum</strong></span> <span class='ocrx_word' id='word_1_175' title='bbox 533 2251 780 2335; x_wconf 88' lang='lat' dir='ltr'>dogmaticorum</span> <span class='ocrx_word' id='word_1_176' title='bbox 805 2271 909 2337; x_wconf 84' lang='lat' dir='ltr'>pugna</span> <span class='ocrx_word' id='word_1_177' title='bbox 932 2251 1060 2336; x_wconf 77' lang='lat' dir='ltr'>gravior</span> <span class='ocrx_word' id='word_1_178' title='bbox 1085 2249 1185 2313; x_wconf 82' lang='lat' dir='ltr'>videri</span> <span class='ocrx_word' id='word_1_179' title='bbox 1211 2250 1321 2329; x_wconf 84' lang='lat' dir='ltr'>debet,</span> <span class='ocrx_word' id='word_1_180' title='bbox 1367 2271 1435 2314; x_wconf 89' lang='lat' dir='ltr'>cum</span> 
     </span>
     <span class='ocr_line' id='line_1_20' title="bbox 249 2358 1438 2445; baseline 0 -23"><span class='ocrx_word' id='word_1_181' title='bbox 249 2361 395 2445; x_wconf 88' lang='lat' dir='ltr'>dogmata</span> <span class='ocrx_word' id='word_1_182' title='bbox 420 2358 620 2442; x_wconf 85' lang='lat' dir='ltr'>praecipuam</span> <span class='ocrx_word' id='word_1_183' title='bbox 648 2360 810 2444; x_wconf 89' lang='lat' dir='ltr'>religionis</span> <span class='ocrx_word' id='word_1_184' title='bbox 845 2359 1019 2438; x_wconf 75' lang='lat' dir='ltr'>revelatae,</span> <span class='ocrx_word' id='word_1_185' title='bbox 1051 2379 1142 2442; x_wconf 89' lang='lat' dir='ltr'>quam</span> <span class='ocrx_word' id='word_1_186' title='bbox 1170 2378 1187 2421; x_wconf 87' lang='lat' dir='ltr'>e</span> <span class='ocrx_word' id='word_1_187' title='bbox 1214 2379 1241 2422; x_wconf 88' lang='lat' dir='ltr'>s.</span> <span class='ocrx_word' id='word_1_188' title='bbox 1271 2359 1438 2442; x_wconf 82' lang='lat' dir='ltr'>Scriptura</span> 
     </span>
     <span class='ocr_line' id='line_1_21' title="bbox 246 2467 1434 2552; baseline -0.003 -19"><span class='ocrx_word' id='word_1_189' title='bbox 246 2469 394 2547; x_wconf 88' lang='lat' dir='ltr'>eruimus,</span> <span class='ocrx_word' id='word_1_190' title='bbox 417 2473 537 2551; x_wconf 84' lang='lat' dir='ltr'>partem</span> <span class='ocrx_word' id='word_1_191' title='bbox 554 2467 754 2532; x_wconf 83' lang='lat' dir='ltr'>constituant.</span> <span class='ocrx_word' id='word_1_192' title='bbox 776 2467 1004 2532; x_wconf 82' lang='lat' dir='ltr'>Difficultatum</span> <span class='ocrx_word' id='word_1_193' title='bbox 1020 2468 1194 2532; x_wconf 87' lang='lat' dir='ltr'>solutiones</span> <span class='ocrx_word' id='word_1_194' title='bbox 1211 2467 1327 2532; x_wconf 88' lang='lat' dir='ltr'>iterum</span> <span class='ocrx_word' id='word_1_195' title='bbox 1343 2473 1434 2552; x_wconf 86' lang='lat' dir='ltr'>petes</span> 
     </span>
     <span class='ocr_line' id='line_1_22' title="bbox 248 2575 1235 2662; baseline -0.004 -20"><span class='ocrx_word' id='word_1_196' title='bbox 248 2597 266 2642; x_wconf 90' lang='lat' dir='ltr'>e</span> <span class='ocrx_word' id='word_1_197' title='bbox 283 2575 462 2662; x_wconf 82' lang='lat' dir='ltr'>cognitione</span> <span class='ocrx_word' id='word_1_198' title='bbox 476 2575 625 2656; x_wconf 78' lang='lat' dir='ltr'>sontium,</span> <span class='ocrx_word' id='word_1_199' title='bbox 650 2597 667 2640; x_wconf 91' lang='lat' dir='ltr'>e</span> <span class='ocrx_word' id='word_1_200' title='bbox 684 2577 796 2662; x_wconf 84' lang='lat' dir='ltr'>quihus</span> <span class='ocrx_word' id='word_1_201' title='bbox 813 2582 901 2642; x_wconf 86' lang='lat' dir='ltr'>ortae</span> <span class='ocrx_word' id='word_1_202' title='bbox 915 2577 1048 2656; x_wconf 88' lang='lat' dir='ltr'>luerint,</span> <span class='ocrx_word' id='word_1_203' title='bbox 1072 2576 1235 2640; x_wconf 85' lang='lat' dir='ltr'>nimirum:</span> 
     </span>
    </p>

    <p class='ocr_par' dir='ltr' id='par_1_10' title="bbox 344 2683 1437 2771">
     <span class='ocr_line' id='line_1_23' title="bbox 344 2683 1437 2771; baseline 0 -23"><span class='ocrx_word' id='word_1_204' title='bbox 344 2689 373 2748; x_wconf 88' lang='lat' dir='ltr'>i.</span> <span class='ocrx_word' id='word_1_205' title='bbox 397 2685 443 2748; x_wconf 86' lang='lat' dir='ltr'>llx</span> <span class='ocrx_word' id='word_1_206' title='bbox 458 2703 545 2748; x_wconf 87' lang='lat' dir='ltr'>more</span> <span class='ocrx_word' id='word_1_207' title='bbox 570 2683 719 2768; x_wconf 84' lang='lat' dir='ltr'>loquendi</span> <span class='ocrx_word' id='word_1_208' title='bbox 744 2686 860 2750; x_wconf 83' lang='lat' dir='ltr'>biblico</span> <span class='ocrx_word' id='word_1_209' title='bbox 877 2687 916 2748; x_wconf 93' lang='lat' dir='ltr'>ad</span> <span class='ocrx_word' id='word_1_210' title='bbox 937 2686 1074 2771; x_wconf 87' lang='lat' dir='ltr'>rigorem</span> <span class='ocrx_word' id='word_1_211' title='bbox 1095 2685 1231 2771; x_wconf 87' lang='lat' dir='ltr'>logicum</span> <span class='ocrx_word' id='word_1_212' title='bbox 1248 2691 1281 2748; x_wconf 87' lang='lat' dir='ltr'>et</span> <span class='ocrx_word' id='word_1_213' title='bbox 1299 2691 1437 2749; x_wconf 86' lang='lat' dir='ltr'>exactam</span> 
     </span>
    </p>
   </div>
   <div class='ocr_carea' id='block_1_7' title="bbox 252 2793 1544 2882">
    <p class='ocr_par' dir='ltr' id='par_1_11' title="bbox 252 2793 1544 2882">
     <span class='ocr_line' id='line_1_24' title="bbox 252 2793 1544 2882; baseline -0.002 -22"><span class='ocrx_word' id='word_1_214' title='bbox 252 2793 400 2882; x_wconf 84' lang='lat' dir='ltr'>loquendi</span> <span class='ocrx_word' id='word_1_215' title='bbox 427 2793 580 2857; x_wconf 89' lang='lat' dir='ltr'>rationem</span> <span class='ocrx_word' id='word_1_216' title='bbox 607 2794 734 2858; x_wconf 83' lang='lat' dir='ltr'>scholae</span> <span class='ocrx_word' id='word_1_217' title='bbox 749 2815 812 2858; x_wconf 90' lang='lat' dir='ltr'>nou</span> <span class='ocrx_word' id='word_1_218' title='bbox 840 2795 1035 2877; x_wconf 86' lang='lat' dir='ltr'>composito,</span> <span class='ocrx_word' id='word_1_219' title='bbox 1059 2795 1140 2858; x_wconf 88' lang='lat' dir='ltr'>unde</span> <span class='ocrx_word' id='word_1_220' title='bbox 1163 2795 1266 2858; x_wconf 90' lang='lat' dir='ltr'>minus</span> <span class='ocrx_word' id='word_1_221' title='bbox 1288 2804 1439 2859; x_wconf 86' lang='lat' dir='ltr'>accurate</span> <span class='ocrx_word' id='word_1_222' title='bbox 1543 2835 1544 2838; x_wconf 57' lang='lat'><em>=</em></span> 
     </span>
    </p>
   </div>
   <div class='ocr_carea' id='block_1_8' title="bbox 247 2901 1440 3639">
    <p class='ocr_par' dir='ltr' id='par_1_12' title="bbox 247 2901 1438 3099">
     <span class='ocr_line' id='line_1_25' title="bbox 248 2901 1438 2992; baseline -0.001 -26"><span class='ocrx_word' id='word_1_223' title='bbox 248 2902 332 2966; x_wconf 89' lang='lat' dir='ltr'>dicta</span> <span class='ocrx_word' id='word_1_224' title='bbox 358 2903 397 2966; x_wconf 89' lang='lat' dir='ltr'>ad</span> <span class='ocrx_word' id='word_1_225' title='bbox 423 2901 512 2966; x_wconf 88' lang='lat' dir='ltr'>locos</span> <span class='ocrx_word' id='word_1_226' title='bbox 538 2901 690 2966; x_wconf 88' lang='lat' dir='ltr'>classicos</span> <span class='ocrx_word' id='word_1_227' title='bbox 717 2904 841 2988; x_wconf 82' lang='lat' dir='ltr'>exigere</span> <span class='ocrx_word' id='word_1_228' title='bbox 870 2904 1013 2968; x_wconf 82' lang='lat' dir='ltr'>convenit</span> <span class='ocrx_word' id='word_1_229' title='bbox 1030 2902 1072 2992; x_wconf 85' lang='lat'>¹).</span> <span class='ocrx_word' id='word_1_230' title='bbox 1104 2903 1246 2967; x_wconf 80' lang='lat' dir='ltr'>Obscura</span> <span class='ocrx_word' id='word_1_231' title='bbox 1261 2904 1438 2967; x_wconf 88' lang='lat' dir='ltr'>diluciden-</span> 
     </span>
     <span class='ocr_line' id='line_1_26' title="bbox 247 3007 473 3099; baseline -0.009 -25"><span class='ocrx_word' id='word_1_232' title='bbox 247 3016 301 3075; x_wconf 89' lang='lat' dir='ltr'>tnr</span> <span class='ocrx_word' id='word_1_233' title='bbox 324 3010 418 3074; x_wconf 89' lang='lat' dir='ltr'>claris</span> <span class='ocrx_word' id='word_1_234' title='bbox 429 3007 473 3099; x_wconf 82' lang='lat'>¹).</span> 
     </span>
    </p>

    <p class='ocr_par' dir='ltr' id='par_1_13' title="bbox 248 3119 1439 3424">
     <span class='ocr_line' id='line_1_27' title="bbox 339 3119 1439 3204; baseline -0.003 -18"><span class='ocrx_word' id='word_1_235' title='bbox 339 3124 372 3186; x_wconf 74' lang='lat'>2.</span> <span class='ocrx_word' id='word_1_236' title='bbox 396 3119 442 3182; x_wconf 79' lang='lat' dir='ltr'>dx</span> <span class='ocrx_word' id='word_1_237' title='bbox 457 3119 615 3204; x_wconf 88' lang='lat' dir='ltr'>loquentis</span> <span class='ocrx_word' id='word_1_238' title='bbox 632 3119 781 3198; x_wconf 86' lang='lat' dir='ltr'>coneilio,</span> <span class='ocrx_word' id='word_1_239' title='bbox 807 3121 847 3183; x_wconf 84' lang='lat' dir='ltr'>ob</span> <span class='ocrx_word' id='word_1_240' title='bbox 863 3121 947 3203; x_wconf 88' lang='lat' dir='ltr'>quod</span> <span class='ocrx_word' id='word_1_241' title='bbox 963 3121 1056 3187; x_wconf 89' lang='lat' dir='ltr'>modo</span> <span class='ocrx_word' id='word_1_242' title='bbox 1072 3122 1143 3199; x_wconf 86' lang='lat' dir='ltr'>hoc,</span> <span class='ocrx_word' id='word_1_243' title='bbox 1163 3119 1256 3185; x_wconf 89' lang='lat' dir='ltr'>modo</span> <span class='ocrx_word' id='word_1_244' title='bbox 1268 3120 1349 3184; x_wconf 89' lang='lat' dir='ltr'>illud</span> <span class='ocrx_word' id='word_1_245' title='bbox 1365 3121 1439 3183; x_wconf 89' lang='lat' dir='ltr'>doc·</span> 
     </span>
     <span class='ocr_line' id='line_1_28' title="bbox 248 3227 1439 3313; baseline -0.001 -22"><span class='ocrx_word' id='word_1_246' title='bbox 248 3229 352 3292; x_wconf 84' lang='lat' dir='ltr'>trinae</span> <span class='ocrx_word' id='word_1_247' title='bbox 379 3232 568 3292; x_wconf 82' lang='lat' dir='ltr'>momentum</span> <span class='ocrx_word' id='word_1_248' title='bbox 584 3228 615 3291; x_wconf 90' lang='lat' dir='ltr'>iu</span> <span class='ocrx_word' id='word_1_249' title='bbox 637 3228 738 3291; x_wconf 92' lang='lat' dir='ltr'>lucem</span> <span class='ocrx_word' id='word_1_250' title='bbox 754 3227 925 3312; x_wconf 78' lang='lat' dir='ltr'>profertor,</span> <span class='ocrx_word' id='word_1_251' title='bbox 953 3228 1004 3291; x_wconf 88' lang='lat' dir='ltr'>cui</span> <span class='ocrx_word' id='word_1_252' title='bbox 1028 3228 1134 3313; x_wconf 88' lang='lat' dir='ltr'>itaque</span> <span class='ocrx_word' id='word_1_253' title='bbox 1157 3228 1241 3292; x_wconf 88' lang='lat' dir='ltr'>dicta</span> <span class='ocrx_word' id='word_1_254' title='bbox 1262 3250 1439 3292; x_wconf 88' lang='lat' dir='ltr'>accommo-</span> 
     </span>
     <span class='ocr_line' id='line_1_29' title="bbox 249 3333 499 3424; baseline -0.012 -22"><span class='ocrx_word' id='word_1_255' title='bbox 249 3337 349 3402; x_wconf 88' lang='lat' dir='ltr'>danda</span> <span class='ocrx_word' id='word_1_256' title='bbox 372 3342 443 3400; x_wconf 89' lang='lat' dir='ltr'>eunt</span> <span class='ocrx_word' id='word_1_257' title='bbox 455 3333 499 3424; x_wconf 84' lang='lat'>⁸).</span> 
     </span>
    </p>

    <p class='ocr_par' dir='ltr' id='par_1_14' title="bbox 250 3441 1440 3639">
     <span class='ocr_line' id='line_1_30' title="bbox 339 3441 1440 3528; baseline -0.004 -18"><span class='ocrx_word' id='word_1_258' title='bbox 339 3446 370 3510; x_wconf 83' lang='lat'>3.</span> <span class='ocrx_word' id='word_1_259' title='bbox 396 3445 566 3508; x_wconf 85' lang='lat' dir='ltr'>Praeterea</span> <span class='ocrx_word' id='word_1_260' title='bbox 586 3443 727 3508; x_wconf 88' lang='lat' dir='ltr'>occurrit</span> <span class='ocrx_word' id='word_1_261' title='bbox 748 3441 932 3527; x_wconf 85' lang='lat' dir='ltr'>quibusdam</span> <span class='ocrx_word' id='word_1_262' title='bbox 948 3443 980 3506; x_wconf 91' lang='lat' dir='ltr'>in</span> <span class='ocrx_word' id='word_1_263' title='bbox 996 3441 1076 3508; x_wconf 91' lang='lat' dir='ltr'>locis</span> <span class='ocrx_word' id='word_1_264' title='bbox 1092 3445 1307 3510; x_wconf 88' lang='lat' dir='ltr'>accomodatio</span> <span class='ocrx_word' id='word_1_265' title='bbox 1324 3447 1440 3528; x_wconf 82' lang='lat' dir='ltr'>poeda-</span> 
     </span>
     <span class='ocr_line' id='line_1_31' title="bbox 250 3551 1438 3639; baseline -0.002 -23"><span class='ocrx_word' id='word_1_266' title='bbox 250 3551 363 3637; x_wconf 87' lang='lat' dir='ltr'>gogiea</span> <span class='ocrx_word' id='word_1_267' title='bbox 389 3552 439 3616; x_wconf 88' lang='lat' dir='ltr'>vel</span> <span class='ocrx_word' id='word_1_268' title='bbox 466 3553 693 3639; x_wconf 77' lang='lat' dir='ltr'>argumentatio</span> <span class='ocrx_word' id='word_1_269' title='bbox 722 3572 759 3616; x_wconf 88' lang='lat' dir='ltr'>ex</span> <span class='ocrx_word' id='word_1_270' title='bbox 787 3551 957 3616; x_wconf 87' lang='lat' dir='ltr'>concessis.</span> <span class='ocrx_word' id='word_1_271' title='bbox 992 3553 1092 3631; x_wconf 77' lang='lat' dir='ltr'>Quam</span> <span class='ocrx_word' id='word_1_272' title='bbox 1119 3552 1147 3616; x_wconf 88' lang='lat' dir='ltr'>si</span> <span class='ocrx_word' id='word_1_273' title='bbox 1170 3553 1379 3638; x_wconf 79' lang='lat' dir='ltr'>cognoveris,</span> <span class='ocrx_word' id='word_1_274' title='bbox 1403 3572 1438 3614; x_wconf 92' lang='lat' dir='ltr'>eo</span> 
     </span>
    </p>
   </div>
   <div class='ocr_carea' id='block_1_9' title="bbox 250 3659 1543 3746">
    <p class='ocr_par' dir='ltr' id='par_1_15' title="bbox 250 3659 1543 3746">
     <span class='ocr_line' id='line_1_32' title="bbox 250 3659 1543 3746; baseline 0.002 -24"><span class='ocrx_word' id='word_1_275' title='bbox 250 3659 321 3742; x_wconf 84' lang='lat' dir='ltr'>ipso</span> <span class='ocrx_word' id='word_1_276' title='bbox 339 3659 515 3745; x_wconf 88' lang='lat' dir='ltr'>intelliges,</span> <span class='ocrx_word' id='word_1_277' title='bbox 539 3660 611 3724; x_wconf 82' lang='lat' dir='ltr'>illoc</span> <span class='ocrx_word' id='word_1_278' title='bbox 631 3660 721 3724; x_wconf 92' lang='lat' dir='ltr'>locos</span> <span class='ocrx_word' id='word_1_279' title='bbox 736 3660 821 3724; x_wconf 88' lang='lat' dir='ltr'>inter</span> <span class='ocrx_word' id='word_1_280' title='bbox 837 3666 868 3724; x_wconf 91' lang='lat' dir='ltr'>et</span> <span class='ocrx_word' id='word_1_281' title='bbox 885 3681 958 3741; x_wconf 87' lang='lat' dir='ltr'>eos,</span> <span class='ocrx_word' id='word_1_282' title='bbox 982 3661 1014 3724; x_wconf 90' lang='lat' dir='ltr'>in</span> <span class='ocrx_word' id='word_1_283' title='bbox 1031 3663 1143 3746; x_wconf 82' lang='lat' dir='ltr'>quihus</span> <span class='ocrx_word' id='word_1_284' title='bbox 1158 3661 1234 3725; x_wconf 83' lang='lat' dir='ltr'>lesu</span> <span class='ocrx_word' id='word_1_285' title='bbox 1250 3665 1283 3725; x_wconf 90' lang='lat' dir='ltr'>et</span> <span class='ocrx_word' id='word_1_286' title='bbox 1299 3663 1441 3744; x_wconf 76' lang='lat' dir='ltr'>Aposto·</span> <span class='ocrx_word' id='word_1_287' title='bbox 1542 3723 1543 3736; x_wconf 61' lang='grc'>,</span> 
     </span>
    </p>
   </div>
   <div class='ocr_carea' id='block_1_10' title="bbox 216 3764 1441 4720">
    <p class='ocr_par' dir='ltr' id='par_1_16' title="bbox 216 3764 1441 4720">
     <span class='ocr_line' id='line_1_33' title="bbox 251 3764 1440 3856; baseline 0.001 -26"><span class='ocrx_word' id='word_1_288' title='bbox 251 3766 354 3830; x_wconf 77' lang='lat' dir='ltr'>lo&#39;ru&#39;m</span> <span class='ocrx_word' id='word_1_289' title='bbox 366 3766 656 3851; x_wconf 87' lang='lat' dir='ltr'>ipsorumdoctriua</span> <span class='ocrx_word' id='word_1_290' title='bbox 667 3768 832 3853; x_wconf 83' lang='lat' dir='ltr'>proposita</span> <span class='ocrx_word' id='word_1_291' title='bbox 844 3772 902 3848; x_wconf 89' lang='lat' dir='ltr'>est,</span> <span class='ocrx_word' id='word_1_292' title='bbox 915 3789 1048 3854; x_wconf 83' lang='lat' dir='ltr'>pugnam</span> <span class='ocrx_word' id='word_1_293' title='bbox 1060 3789 1163 3833; x_wconf 87' lang='lat' dir='ltr'>veram</span> <span class='ocrx_word' id='word_1_294' title='bbox 1176 3791 1236 3834; x_wconf 90' lang='lat' dir='ltr'>non</span> <span class='ocrx_word' id='word_1_295' title='bbox 1252 3770 1390 3832; x_wconf 89' lang='lat' dir='ltr'>existere</span> <span class='ocrx_word' id='word_1_296' title='bbox 1398 3764 1440 3856; x_wconf 74' lang='lat'>⁴).</span> 
     </span>
     <span class='ocr_line' id='line_1_34' title="bbox 339 3875 1441 3964; baseline 0 -24"><span class='ocrx_word' id='word_1_297' title='bbox 339 3876 370 3940; x_wconf 82' lang='lat' dir='ltr'>d.</span> <span class='ocrx_word' id='word_1_298' title='bbox 395 3875 554 3953; x_wconf 75' lang='lat' dir='ltr'>Quaedam</span> <span class='ocrx_word' id='word_1_299' title='bbox 580 3897 753 3964; x_wconf 86' lang='lat' dir='ltr'>pugnarum</span> <span class='ocrx_word' id='word_1_300' title='bbox 784 3897 902 3963; x_wconf 87' lang='lat' dir='ltr'>genera</span> <span class='ocrx_word' id='word_1_301' title='bbox 924 3877 1117 3962; x_wconf 80' lang='lat' dir='ltr'>discrepanti</span> <span class='ocrx_word' id='word_1_302' title='bbox 1144 3878 1320 3963; x_wconf 86' lang='lat' dir='ltr'>linguarum</span> <span class='ocrx_word' id='word_1_303' title='bbox 1348 3878 1441 3942; x_wconf 82' lang='lat' dir='ltr'>bibli-</span> 
     </span>
     <span class='ocr_line' id='line_1_35' title="bbox 251 3983 1440 4074; baseline -0.001 -24"><span class='ocrx_word' id='word_1_304' title='bbox 251 4005 358 4050; x_wconf 82' lang='lat' dir='ltr'>carum</span> <span class='ocrx_word' id='word_1_305' title='bbox 385 3983 483 4048; x_wconf 91' lang='lat' dir='ltr'>indoli</span> <span class='ocrx_word' id='word_1_306' title='bbox 505 4005 541 4049; x_wconf 90' lang='lat' dir='ltr'>ac</span> <span class='ocrx_word' id='word_1_307' title='bbox 567 3985 716 4072; x_wconf 86' lang='lat' dir='ltr'>loquendi</span> <span class='ocrx_word' id='word_1_308' title='bbox 742 3988 814 4051; x_wconf 88' lang='lat' dir='ltr'>usui</span> <span class='ocrx_word' id='word_1_309' title='bbox 845 3987 947 4050; x_wconf 88' lang='lat' dir='ltr'>minus</span> <span class='ocrx_word' id='word_1_310' title='bbox 973 3989 1108 4074; x_wconf 89' lang='lat' dir='ltr'>cognitis</span> <span class='ocrx_word' id='word_1_311' title='bbox 1135 3987 1288 4073; x_wconf 83' lang='lat' dir='ltr'>originem</span> <span class='ocrx_word' id='word_1_312' title='bbox 1316 3989 1440 4064; x_wconf 88' lang='lat' dir='ltr'>debent,</span> 
     </span>
     <span class='ocr_line' id='line_1_36' title="bbox 248 4091 1297 4182; baseline 0.002 -24"><span class='ocrx_word' id='word_1_313' title='bbox 248 4114 327 4180; x_wconf 84' lang='lat' dir='ltr'>quae</span> <span class='ocrx_word' id='word_1_314' title='bbox 343 4093 437 4178; x_wconf 86' lang='lat' dir='ltr'>proin</span> <span class='ocrx_word' id='word_1_315' title='bbox 455 4100 633 4179; x_wconf 89' lang='lat' dir='ltr'>comparata</span> <span class='ocrx_word' id='word_1_316' title='bbox 647 4095 759 4160; x_wconf 88' lang='lat' dir='ltr'>horum</span> <span class='ocrx_word' id='word_1_317' title='bbox 775 4100 864 4161; x_wconf 86' lang='lat' dir='ltr'>recta</span> <span class='ocrx_word' id='word_1_318' title='bbox 880 4096 1060 4182; x_wconf 82' lang='lat' dir='ltr'>cognitione</span> <span class='ocrx_word' id='word_1_319' title='bbox 1076 4097 1243 4160; x_wconf 79' lang='lat' dir='ltr'>cessabunt</span> <span class='ocrx_word' id='word_1_320' title='bbox 1255 4091 1297 4182; x_wconf 75' lang='lat'>⁵).</span> 
     </span>
     <span class='ocr_line' id='line_1_37' title="bbox 338 4203 1440 4289; baseline -0.005 -19"><span class='ocrx_word' id='word_1_321' title='bbox 338 4204 369 4270; x_wconf 81' lang='lat'>5.</span> <span class='ocrx_word' id='word_1_322' title='bbox 394 4205 485 4284; x_wconf 82' lang='lat' dir='ltr'>Quod</span> <span class='ocrx_word' id='word_1_323' title='bbox 511 4203 680 4268; x_wconf 84' lang='lat' dir='ltr'>difficultas</span> <span class='ocrx_word' id='word_1_324' title='bbox 708 4225 770 4268; x_wconf 91' lang='lat' dir='ltr'>nou</span> <span class='ocrx_word' id='word_1_325' title='bbox 796 4206 853 4286; x_wconf 87' lang='lat' dir='ltr'>sit,</span> <span class='ocrx_word' id='word_1_326' title='bbox 878 4206 905 4268; x_wconf 90' lang='lat' dir='ltr'>si</span> <span class='ocrx_word' id='word_1_327' title='bbox 933 4207 1077 4270; x_wconf 87' lang='lat' dir='ltr'>doctrina</span> <span class='ocrx_word' id='word_1_328' title='bbox 1108 4207 1140 4270; x_wconf 91' lang='lat' dir='ltr'>in</span> <span class='ocrx_word' id='word_1_329' title='bbox 1166 4207 1206 4270; x_wconf 93' lang='lat' dir='ltr'>N.</span> <span class='ocrx_word' id='word_1_330' title='bbox 1223 4208 1264 4270; x_wconf 85' lang='grc' dir='ltr'>Τ.</span> <span class='ocrx_word' id='word_1_331' title='bbox 1292 4209 1440 4289; x_wconf 85' lang='lat' dir='ltr'>respectu</span> 
     </span>
     <span class='ocr_line' id='line_1_38' title="bbox 216 4312 1436 4398; baseline -0.002 -21"><span class='ocrx_word' id='word_1_332' title='bbox 216 4385 220 4391; x_wconf 51' lang='grc'><strong>,</strong></span> <span class='ocrx_word' id='word_1_333' title='bbox 248 4313 356 4378; x_wconf 85' lang='lat' dir='ltr'>habito</span> <span class='ocrx_word' id='word_1_334' title='bbox 379 4314 417 4377; x_wconf 92' lang='lat' dir='ltr'>ad</span> <span class='ocrx_word' id='word_1_335' title='bbox 433 4315 470 4376; x_wconf 89' lang='lat' dir='ltr'>V.</span> <span class='ocrx_word' id='word_1_336' title='bbox 487 4314 525 4376; x_wconf 87' lang='grc' dir='ltr'>Τ.</span> <span class='ocrx_word' id='word_1_337' title='bbox 554 4317 607 4375; x_wconf 89' lang='lat' dir='ltr'>aut</span> <span class='ocrx_word' id='word_1_338' title='bbox 636 4313 751 4376; x_wconf 87' lang='lat' dir='ltr'>clarius</span> <span class='ocrx_word' id='word_1_339' title='bbox 782 4314 985 4398; x_wconf 83' lang='lat' dir='ltr'>proponitur,</span> <span class='ocrx_word' id='word_1_340' title='bbox 1010 4319 1063 4378; x_wconf 80' lang='lat' dir='ltr'>aut</span> <span class='ocrx_word' id='word_1_341' title='bbox 1086 4335 1166 4379; x_wconf 90' lang='lat' dir='ltr'>nova</span> <span class='ocrx_word' id='word_1_342' title='bbox 1192 4314 1347 4393; x_wconf 81' lang='lat' dir='ltr'>traditur,</span> <span class='ocrx_word' id='word_1_343' title='bbox 1372 4312 1436 4376; x_wconf 90' lang='lat' dir='ltr'>uti·</span> 
     </span>
     <span class='ocr_line' id='line_1_39' title="bbox 250 4418 706 4508; baseline 0.002 -24"><span class='ocrx_word' id='word_1_344' title='bbox 250 4442 311 4508; x_wconf 86' lang='lat' dir='ltr'>que</span> <span class='ocrx_word' id='word_1_345' title='bbox 334 4442 392 4506; x_wconf 83' lang='lat' dir='ltr'>per</span> <span class='ocrx_word' id='word_1_346' title='bbox 416 4442 450 4485; x_wconf 90' lang='lat' dir='ltr'>se</span> <span class='ocrx_word' id='word_1_347' title='bbox 465 4420 653 4506; x_wconf 88' lang='lat' dir='ltr'>intelligitur</span> <span class='ocrx_word' id='word_1_348' title='bbox 665 4418 706 4507; x_wconf 82' lang='lat'>⁸).</span> 
     </span>
     <span class='ocr_line' id='line_1_40' title="bbox 273 4564 1437 4632; baseline -0.003 -16"><span class='ocrx_word' id='word_1_349' title='bbox 273 4564 298 4631; x_wconf 86' lang='lat'>¹)</span> <span class='ocrx_word' id='word_1_350' title='bbox 316 4569 381 4616; x_wconf 89' lang='lat' dir='ltr'>ilinc</span> <span class='ocrx_word' id='word_1_351' title='bbox 390 4569 447 4616; x_wconf 83' lang='lat' dir='ltr'>Act.</span> <span class='ocrx_word' id='word_1_352' title='bbox 464 4571 495 4625; x_wconf 90' lang='lat' dir='ltr'>ii,</span> <span class='ocrx_word' id='word_1_353' title='bbox 515 4569 560 4615; x_wconf 81' lang='grc'>38.</span> <span class='ocrx_word' id='word_1_354' title='bbox 579 4568 738 4631; x_wconf 76' lang='lat' dir='ltr'>Bepticeter</span> <span class='ocrx_word' id='word_1_355' title='bbox 754 4569 935 4632; x_wconf 67' lang='lat' dir='ltr'>nemorisque</span> <span class='ocrx_word' id='word_1_356' title='bbox 948 4573 1069 4618; x_wconf 74' lang='lat' dir='ltr'>vestrim</span> <span class='ocrx_word' id='word_1_357' title='bbox 1085 4571 1113 4617; x_wconf 80' lang='lat' dir='ltr'>in</span> <span class='ocrx_word' id='word_1_358' title='bbox 1128 4570 1313 4618; x_wconf 71' lang='lat' dir='ltr'>nocticolores</span> <span class='ocrx_word' id='word_1_359' title='bbox 1326 4566 1437 4622; x_wconf 64' lang='lat' dir='ltr'>chricti,</span> 
     </span>
     <span class='ocr_line' id='line_1_41' title="bbox 320 4657 1437 4720; baseline -0.009 -12"><span class='ocrx_word' id='word_1_360' title='bbox 320 4660 474 4719; x_wconf 81' lang='lat' dir='ltr'>explanetur</span> <span class='ocrx_word' id='word_1_361' title='bbox 494 4673 525 4708; x_wconf 90' lang='lat' dir='ltr'>cx</span> <span class='ocrx_word' id='word_1_362' title='bbox 541 4659 630 4708; x_wconf 77' lang='lat' dir='ltr'>Mettio.</span> <span class='ocrx_word' id='word_1_363' title='bbox 647 4660 757 4720; x_wconf 73' lang='lat' dir='ltr'>xxviii,</span> <span class='ocrx_word' id='word_1_364' title='bbox 777 4662 830 4715; x_wconf 79' lang='lat' dir='ltr'>to..</span> <span class='ocrx_word' id='word_1_365' title='bbox 852 4660 895 4706; x_wconf 84' lang='lat' dir='ltr'>ubi</span> <span class='ocrx_word' id='word_1_366' title='bbox 914 4660 1034 4720; x_wconf 84' lang='lat' dir='ltr'>baptismi</span> <span class='ocrx_word' id='word_1_367' title='bbox 1051 4660 1163 4709; x_wconf 77' lang='lat' dir='ltr'>termule</span> <span class='ocrx_word' id='word_1_368' title='bbox 1182 4661 1297 4708; x_wconf 83' lang='lat' dir='ltr'>exectios</span> <span class='ocrx_word' id='word_1_369' title='bbox 1312 4657 1437 4706; x_wconf 70' lang='lat' dir='ltr'>definitor.</span> 
     </span>
    </p>
   </div>
   <div class='ocr_carea' id='block_1_11' title="bbox 0 0 1561 5284">
    <p class='ocr_par' dir='ltr' id='par_1_17' title="bbox 0 0 1561 5284">
     <span class='ocr_line' id='line_1_42' title="bbox 0 0 1561 5284; baseline 0 0"><span class='ocrx_word' id='word_1_370' title='bbox 0 0 1561 5284; x_wconf 95' lang='lat' dir='ltr'> </span> 
     </span>
    </p>
   </div>
  </div>
 </body>
</html>
