3190 5290
260 355 310 432 24

254 535 361 602 bibitis
375 555 428 600 eas
442 531 587 597 notiones
604 529 770 615 subjiciant
786 553 914 599 necesse
931 537 989 616 est,
1007 555 1084 618 quas
1101 555 1176 600 usus
1191 533 1295 624 gentis
1312 539 1345 602 et
1364 541 1460 602 aeta-

253 647 296 710 tis
313 666 387 710 suae
402 644 561 728 probavit,
578 664 654 706 usus
675 642 823 726 loquendi
844 643 1016 724 lectorum,
1038 644 1151 729 quibus
1171 651 1283 711 auctor
1307 647 1459 734 scripsit,

254 778 315 820 non
332 759 452 818 tautum
470 757 517 817 est
535 753 672 816 conditio
690 753 828 816 auctoris
854 754 1049 840 intelligendi
1078 754 1212 819 omnium
1239 755 1362 840 prima,
1391 778 1458 840 qua

253 862 417 929 deficiente
434 863 519 927 nulla
542 863 698 948 cogitatus
715 862 745 925 in
762 864 862 926 animo
879 863 1005 927 latentis
1022 863 1160 950 cognitio
1177 863 1312 931 obtineri
1327 869 1458 950 potest,
1558 919 1559 952 .

253 975 307 1038 sed
325 973 417 1037 etiam
434 993 577 1057 suprema
594 971 851 1038 Hermcncuticac
868 972 1053 1038 universalis
1068 973 1117 1037 lox
1134 995 1188 1054 co,
1213 975 1295 1057 quod
1323 979 1459 1054 auctor,

253 1083 306 1165 qui
322 1081 455 1168 intelligi
469 1081 604 1162 volebat,
623 1102 679 1145 nec
696 1081 772 1144 dixit
790 1103 846 1144 nec
864 1081 968 1146 dicere
985 1083 1098 1166 potuit,
1116 1103 1194 1166 quae
1212 1103 1287 1148 usus
1299 1083 1461 1167 loquendi

252 1213 314 1254 non
341 1191 419 1273 lert,
448 1191 503 1254 scd
530 1193 649 1252 tantum
676 1190 903 1254 ecurrnunicare
927 1190 1026 1254 uoluit
1043 1195 1073 1254 et
1090 1191 1208 1276 potuit,
1237 1211 1316 1276 quae
1332 1213 1372 1257 ex
1392 1212 1457 1256 usu

251 1300 401 1384 loquendi
418 1300 544 1386 cognito
562 1299 696 1386 intelligi
712 1304 845 1384 possunt
862 1305 894 1364 et
911 1301 1035 1364 debent.

342 1410 433 1473 Licet
448 1430 522 1472 vero
540 1411 616 1474 hacc
634 1409 696 1473 sint
714 1409 905 1487 certissima,
930 1429 1005 1472 usus
1030 1409 1176 1491 loquendi
1200 1413 1302 1474 tamen
1323 1411 1459 1474 minime

253 1521 354 1586 omnia
369 1521 400 1584 in
418 1539 509 1583 sensu
526 1518 740 1604 investigando
757 1517 906 1582 decernit.
942 1519 1013 1603 lpse
1036 1519 1159 1601 quidem
1178 1520 1286 1604 pandit
1302 1521 1458 1585 notiones

249 1630 411 1694 uocabulis
436 1634 466 1693 et
491 1628 679 1693 dictionibus
703 1647 886 1712 expressam
910 1633 959 1691 ast
982 1649 1050 1691 eum
1068 1629 1128 1692 bae
1143 1628 1326 1713 plerumque
1342 1631 1456 1694 variae

251 1743 313 1806 sint
330 1745 361 1804 et
377 1761 488 1827 vagae,
506 1743 615 1823 utpote
632 1759 731 1821 neque
745 1739 849 1820 quoad
867 1738 1025 1818 nubitum,
1043 1758 1142 1821 neque
1159 1739 1261 1822 quoad
1276 1739 1456 1826 perlectio-

249 1852 298 1915 nis
313 1851 443 1936 gradum
460 1847 604 1912 delinitae
621 1847 671 1937 (S.
688 1845 746 1934 4),
771 1848 815 1911 ita
839 1853 874 1912 ut
897 1847 1046 1912 uocabula
1068 1849 1157 1934 signa
1172 1849 1237 1913 sint
1252 1849 1400 1935 pluribus
1419 1872 1458 1914 cx

248 1961 352 2024 titulis
376 1963 425 2022 sat
449 1958 648 2042 imperfecta:
673 1957 902 2042 respiciendum
926 1977 1024 2041 porro
1046 1957 1110 2021 erit
1125 1958 1164 2021 ad
1179 1979 1232 2023 res
1247 1959 1333 2043 ipsas
1348 1957 1456 2046 signi-

249 2069 376 2149 ficatas,
393 2069 425 2132 id
444 2072 492 2132 est
509 2069 546 2130 ad
564 2070 786 2150 commemores,
805 2087 882 2151 quas
900 2067 1032 2149 loquens
1047 2087 1106 2150 per
1120 2069 1213 2132 verba
1229 2074 1381 2154 usurpata
1399 2073 1455 2132 ut·

251 2202 371 2263 cunque
389 2179 550 2258 indicavit,
568 2184 602 2242 ut
619 2199 678 2263 ope
693 2179 812 2263 legum,
831 2199 866 2241 ex
884 2177 997 2259 quibus
1014 2197 1068 2240 eac
1084 2178 1229 2262 pendent,
1252 2179 1455 2258 decernatur,

251 2291 332 2373 quod
350 2311 426 2352 usus
448 2287 595 2371 loquendi
620 2287 704 2351 circa
728 2307 851 2351 sensum
876 2285 1034 2368 loquentis
1057 2287 1211 2351 incertum
1235 2289 1375 2372 reliquit.
1411 2290 1454 2352 llt

250 2399 395 2485 protecto
420 2401 509 2481 lepos
532 2399 700 2481 copitomti
716 2397 746 2460 in
762 2415 855 2461 sensu
874 2393 1012 2476 cujusvis
1029 2397 1192 2476 orationis,
1209 2419 1246 2462 cx
1262 2399 1366 2462 uerbis
1384 2421 1450 2462 non

250 2513 300 2574 sat
316 2507 482 2593 perspicue
500 2508 694 2586 excutiendo,
711 2507 742 2571 iu
759 2504 931 2571 subsidium
948 2506 1102 2570 vocandas
1119 2525 1199 2589 esse,
1220 2528 1256 2570 ex
1274 2510 1385 2572 natura
1404 2507 1454 2572 rei

249 2618 446 2703 intelligitur.
472 2617 594 2682 Etenim
612 2615 714 2680 oratio
732 2613 858 2698 quaevis
874 2633 936 2678 uon
953 2617 1017 2694 est,
1035 2614 1095 2681 nisi
1111 2614 1213 2700 inrogo
1233 2635 1351 2694 eorum,
1370 2635 1454 2701 quae

251 2727 420 2794 secundum
453 2725 611 2812 cogitandi
639 2725 726 2810 leges
749 2723 852 2789 animo
877 2727 1029 2807 concepta
1051 2722 1183 2806 loquens
1206 2724 1367 2790 uocabulis
1386 2745 1453 2791 ‘cen

251 2835 438 2920 corporibus
454 2834 570 2914 induit,
595 2839 630 2897 ut
645 2834 684 2898 ab
701 2832 772 2897 aliis
788 2831 1012 2917 percipiantur.
1044 2835 1245 2918 Quapropter
1259 2834 1334 2916 quia
1348 2834 1453 2900 intor-

250 2968 324 3032 pres
348 2967 385 3010 cx
409 2947 538 3010 auotbre
562 2943 743 3028 explicando
763 2943 886 3008 easdem
902 2961 1035 3027 prorsus
1052 2941 1196 3008 notiones
1213 2953 1324 3010 eruere
1340 2941 1453 3010 relue-

248 3057 309 3141 rit,
332 3076 408 3140 quas
425 3053 486 3118 iste
502 3052 675 3118 lectoribus
692 3051 757 3122 suis
774 3052 917 3120 oratioue
933 3053 1095 3138 exposuit,
1119 3053 1242 3118 easdem
1258 3073 1384 3138 quoqee
1400 3058 1450 3120 le·

249 3189 328 3253 pes,
353 3165 466 3248 quibus
489 3163 654 3226 tenebatur
675 3162 823 3245 loquens,
847 3166 1016 3244 sequetur,
1040 3167 1076 3226 ut
1091 3181 1197 3226 earum
1213 3162 1330 3228 uirtute
1345 3167 1450 3228 toturn

249 3276 387 3361 ejusdem
405 3273 562 3358 cogitandi
577 3290 760 3357 processum
777 3277 955 3352 construat,
982 3277 1013 3336 et
1037 3271 1085 3336 uic
1110 3273 1342 3357 easdemplame
1358 3275 1449 3361 cegi-

249 3385 388 3452 tationes
404 3386 549 3461 revocet,
572 3401 649 3465 quas
665 3381 797 3466 loquens
813 3381 916 3449 animo
934 3384 1102 3468 conceptos
1118 3382 1260 3447 habebnt.
1289 3383 1400 3465 ltaque
1416 3384 1449 3448 in

249 3494 499 3564 universalibus
516 3494 611 3558 ideas
625 3493 833 3576 producendi
849 3502 881 3557 et
895 3492 1112 3558 consociandi
1126 3494 1272 3574 omnio,
1293 3513 1376 3574 quus
1394 3491 1449 3556 mol

250 3607 288 3671 ad
304 3605 403 3688 ipsam
420 3601 612 3688 cogitatuum
628 3607 785 3684 naturam,
805 3601 854 3666 vel
872 3603 910 3666 ad
927 3601 1094 3687 cogitantis
1111 3601 1260 3666 individui
1276 3601 1448 3666 relationes

247 3713 439 3800 respiciunt,
463 3711 562 3778 altera
577 3733 688 3778 sensus
703 3710 879 3795 inquirendi
895 3711 1033 3777 conditio
1050 3711 1153 3796 posita
1172 3715 1240 3789 est,
1265 3730 1328 3792 qua
1348 3732 1447 3777 voca-

249 3826 395 3892 bulorum
412 3823 571 3903 notiones,
590 3844 667 3906 quas
681 3844 757 3890 usus
773 3823 921 3906 loquendi
937 3823 1046 3901 docet,
1061 3823 1107 3886 ito
1123 3822 1321 3904 decimantur
1336 3843 1373 3886 ac
1385 3821 1445 3886 de·

250 3933 411 4011 liniuntur,
432 3935 466 3996 ut
481 3931 552 3996 inde
569 3953 630 3998 non
647 3932 748 3996 solum
763 3934 984 4017 cognoscatur,
1002 3951 1080 4014 quac
1098 3952 1134 3996 cx
1150 3930 1293 4016 pluribus
1307 3932 1445 3996 notioni·

250 4045 321 4122 bus,
345 4040 476 4126 singulis
493 4039 746 4126 expressionibus
761 4040 846 4106 sorte
862 4039 1110 4121 adhaerentibus,
1128 4039 1308 4124 eloquente
1324 4039 1443 4102 indata

251 4153 325 4216 loco
341 4154 501 4236 spectatae
518 4152 598 4231 sint,
622 4151 677 4216 sed
695 4150 787 4216 etiam
804 4149 875 4233 quis
892 4150 933 4215 sit
945 4171 1050 4216 aarum
1067 4150 1218 4229 ambitus,
1237 4152 1268 4214 et
1282 4148 1356 4232 quis
1367 4169 1445 4234 pcr-

245 4261 401 4328 -lcctiouis
415 4262 542 4346 gradus.

244 4407 247 4421 ·
344 4371 379 4432 lu
395 4371 454 4434 bae
469 4368 568 4454 igitur
582 4367 723 4432 sectione
747 4369 899 4454 agendum
920 4371 981 4436 erit
1001 4372 1039 4435 de
1060 4389 1155 4435 sensu
1179 4386 1287 4432 sacrae
1304 4367 1449 4452 Scriptu-

253 4498 312 4544 rue
328 4476 517 4562 explorando
894 4513 896 4518 -

296 4587 322 4652 l.
348 4607 407 4674 per
422 4602 520 4654 asum
536 4585 710 4668 loquendi,·
