3112 5284
1253 405 1333 478 279

269 584 294 630 t.
317 583 449 646 Opmcutu
472 583 616 648 specialia,
637 585 729 632 dehac
743 596 773 632 re
792 586 876 646 edita,
895 586 946 632 utta
969 585 1067 634 clem.
1092 583 1328 645 laeandrus,

215 675 401 722 commentatio
412 675 443 722 de
453 675 550 722 Godlce
558 688 635 724 sacro
647 677 852 736 interpretando.
863 677 985 736 campod
994 676 1071 722 1832.
1082 699 1115 708 —
1126 675 1142 721 J
1149 688 1208 722 oan
1218 676 1274 722 Alu
1282 689 1297 722 o
1306 687 1331 734 ς,

212 765 357 825 Explicatio
375 765 565 813 catholicorum
585 768 733 826 systematis
755 767 787 814 de
806 767 1019 826 interpretatione
1039 767 1172 812 literarum
1190 778 1331 813 sacrarum.

214 855 323 902 monast.
342 856 419 904 1835.
433 881 466 890 -
481 857 590 904 Franz
611 859 706 916 Vogl‚
725 857 773 906 Die
793 859 889 917 beiliga
911 857 1008 904 Sebrilt
1025 857 1076 903 und
1097 857 1153 904 ihre
1172 856 1325 916 iuterpreta-

215 941 270 992 tlon
282 946 366 993 durch
379 947 421 995 dle
435 947 545 1008 heiligen
565 949 644 998 Vtter
664 951 712 996 der
735 949 841 996 Klrche.
859 947 998 1008 Augsburg
1023 947 1099 994 18³6.

617 1163 777 1240 CAPUT
805 1165 862 1239 ΙΙΙ.

418 1339 454 1396 os
474 1339 584 1398 ouenlu
603 1339 781 1404 economus
799 1338 933 1400 noceam
953 1340 1056 1400 suasu.

502 1520 529 1588 s.
546 1516 599 1576 lto.
616 1517 791 1578 dicendorum
807 1521 975 1593 comeum.

150 1709 152 1714 -
233 1669 403 1752 Postquam
421 1685 458 1730 ca
472 1671 644 1742 momenta,
669 1665 709 1728 ad
726 1685 806 1749 quae
820 1667 979 1750 interpres
994 1668 1128 1732 biblicus
1144 1669 1184 1731 oh
1201 1669 1334 1732 divinam

1 1741 14 1859 «¹.
142 1793 302 1840 sacrarum
319 1775 482 1838 literarum
498 1773 650 1860 originem
666 1777 698 1836 et
714 1773 754 1836 ob
777 1773 1002 1856 apostolicum,
1026 1773 1110 1859 quod
1132 1775 1255 1840 divinus
1277 1797 1332 1839 re·

141 1884 269 1969 ligionis
285 1887 412 1948 nostrae
428 1889 539 1946 auctor
554 1902 613 1964 pro
631 1881 853 1960 conservanda,
877 1902 935 1945 nec
951 1903 1012 1945 nou
1029 1882 1209 1948 authentice
1227 1883 1334 1947 decla-

142 1993 239 2056 randa
255 1992 399 2056 doctriua
414 1991 569 2070 revelata,
594 1990 684 2074 cujus
702 1995 822 2074 partem
846 1991 1015 2074 Scriptura
1036 1991 1275 2074 complectitur,
1300 1992 1332 2054 in

137 2100 281 2164 Ecclesia
296 2121 353 2164 sua
372 2100 509 2164 instituit
531 2100 762 2186 Magistcrium,
791 2100 954 2164 attendere
985 2101 1101 2180 debet,
1126 2101 1335 2184 exposuimus,

143 2213 256 2288 restat,
279 2215 315 2273 ut
326 2209 502 2292 peculiares
519 2230 643 2293 quoque
655 2213 820 2290 respectus
837 2208 1047 2291 ostendamus,
1063 2229 1144 2291 quos
1160 2229 1197 2272 ea
1208 2208 1332 2273 Biblio-

2 2299 15 2418 ἰ,
141 2337 211 2380 rum
226 2316 342 2398 virtus,
366 2337 428 2400 qua
450 2315 681 2404 hagiographos
703 2316 844 2400 aliosque
863 2314 1078 2400 inscriptura
1105 2316 1286 2401 loquentes,
1311 2337 1330 2378 a

143 2425 267 2508 Spiritu
284 2445 310 2489 s.
324 2426 480 2506 directos,
504 2445 580 2490 usos
595 2425 693 2490 luisse
710 2425 937 2505 existimamus,
960 2425 991 2488 ri
1008 2423 1097 2507 cujus
1112 2425 1297 2490 recedentes
1315 2446 1334 2488 a

142 2534 299 2598 communi
315 2535 472 2622 cogitatus
493 2555 562 2598 cum
579 2535 648 2598 aliis
665 2534 912 2598 communicandi
928 2534 1051 2598 ratione
1073 2533 1166 2598 dictis
1189 2533 1256 2598 suis
1271 2535 1331 2597 du-

2 2619 5 2628 ’
139 2643 265 2727 plicem,
289 2663 400 2726 nempe
416 2647 543 2726 praeter
557 2643 711 2708 literalem
728 2643 823 2706 alium
839 2642 975 2722 realem,
999 2642 1232 2722 sublimiorem,
1256 2644 1332 2706 sub-

135 2750 291 2834 jicicbant
305 2771 449 2831 sensum,
473 2751 535 2814 sibi
549 2751 700 2836 reposcit.

231 2861 383 2943 Equidem
410 2860 483 2923 iudc
513 2861 551 2923 ab
578 2859 699 2944 aliquot
724 2859 862 2924 deceniis
890 2861 1007 2924 acriter
1033 2858 1227 2943 disputatur,
1257 2879 1329 2922 num

146 2968 301 3051 ejusmodi
316 2967 471 3052 duplicem
487 2986 610 3031 sensum
634 2966 666 3030 in
689 2985 716 3029 s.
741 2965 909 3050 Scriptura
929 2968 1093 3031 adstruere
1119 2966 1231 3046 liceat,
1255 2967 1333 3030 viris

143 3075 247 3140 doctis
274 3073 306 3138 in
334 3075 495 3154 diversas,
524 3075 587 3138 imo
614 3074 706 3157 plane
734 3075 910 3138 contrarias
937 3075 1110 3140 sententias
1137 3075 1332 3138 abeuntibus.

141 3186 345 3266 Quapropter
359 3188 394 3246 ut
410 3185 490 3248 hanc
505 3184 610 3270 gravis
632 3183 781 3247 momenti
796 3183 956 3246 materiam
973 3203 1027 3263 ea,
1051 3203 1112 3266 qua
1127 3203 1184 3264 par
1200 3187 1260 3261 est,
1284 3187 1334 3245 at-

6 3349 10 3358 .
141 3290 285 3354 tentione
301 3296 540 3372 pertractemus,
563 3292 635 3358 data
647 3288 736 3372 justa
751 3289 886 3373 duplicis
903 3311 1014 3354 sensus
1028 3289 1138 3354 biblici
1152 3290 1282 3353 notione
1294 3310 1333 3354 ac

143 3397 314 3478 divisione,
338 3399 470 3481 primum
487 3401 526 3464 de
541 3399 674 3486 singulis
691 3399 828 3482 ejusdem
845 3399 1009 3483 speciebus
1037 3399 1069 3462 iu
1096 3397 1262 3480 Scriptura
1277 3419 1330 3461 re·

141 3527 217 3570 vera
233 3507 436 3572 existentibus
453 3508 634 3592 loquemur,
659 3509 729 3572 dein
747 3507 911 3590 opiniones
937 3509 975 3572 de
1001 3506 1120 3592 duplici
1144 3505 1329 3589 Scripturas

141 3636 237 3680 seusu
257 3615 357 3680 minus
380 3619 484 3680 rectas
500 3617 741 3680 recensebimus.
765 3618 813 3679 Ad
839 3614 931 3679 linem
959 3617 1108 3701 quasdam
1133 3615 1330 3680 observatio·

141 3745 197 3788 nes
231 3725 270 3787 de
292 3723 397 3806 citatis
422 3725 459 3786 A.
487 3725 526 3787 Τ.
553 3723 584 3786 iu
618 3725 658 3788 N.
680 3725 718 3788 Τ.
742 3723 1000 3801 occurrentibus,
1036 3745 1115 3807 quae
1140 3746 1209 3787 cum
1237 3743 1331 3787 seusu

140 3832 260 3916 duplici
275 3831 464 3918 aliquantum
493 3832 679 3926 cohaerent,
702 3831 897 3916 adjiciemus.

374 4011 402 4078 s.
419 4005 473 4066 lto.
490 4007 566 4066 lotio
583 4010 613 4067 et
628 4009 724 4068 dudo
740 4009 855 4082 dupllcls
872 4021 970 4067 seusus
986 4009 1085 4068 bllllcl.

232 4157 394 4240 Duplicem
410 4161 534 4223 sensum
550 4159 613 4223 illis
629 4161 710 4225 locis
732 4161 855 4224 biblicis
878 4161 1008 4223 subesse
1026 4157 1189 4221 dicendum
1211 4159 1278 4236 cst,
1303 4154 1335 4215 in

141 4264 256 4350 quibus
272 4271 399 4349 praeter
422 4288 549 4333 sensum
564 4268 733 4348 literalem,
758 4269 812 4352 qui
822 4269 962 4350 proxime
980 4273 1011 4332 et
1034 4265 1211 4329 immediate
1226 4262 1330 4326 verbis

141 4373 301 4458 loquentis
324 4375 524 4458 exprimitur,
548 4375 627 4440 alius
655 4375 818 4439 sublimior
845 4396 903 4460 per
930 4394 981 4440 res
1005 4374 1111 4438 verbis
1139 4369 1330 4457 significatas

1 4451 3 4536 l
94 4519 96 4523 ·
142 4483 334 4570 designatur,
358 4484 412 4566 qui
428 4490 597 4566 propterea
624 4483 716 4548 etiam
733 4502 843 4546 sensus
870 4485 963 4548 realis
988 4488 1019 4546 et
1043 4482 1195 4546 mediatos
1211 4499 1329 4541 nuncu-

142 4597 242 4673 patur,
258 4598 289 4655 et
305 4593 335 4654 in
353 4613 477 4655 sensum
489 4597 658 4674 mysticum
677 4599 708 4655 et
723 4595 936 4674 wilehelmum
948 4591 1098 4655 dividitur
1113 4590 1163 4674 (S.
1178 4589 1228 4674 5).
1245 4591 1333 4666 Quo-
