3118 5282
245 404 248 413 ¹
283 458 360 532 eoo

279 638 446 720 praecipue
463 637 598 702 Scholae
615 639 828 702 Antiocheno
851 639 1004 719 asseclas,
1033 642 1132 726 magis
1156 642 1262 706 senoni
1282 640 1384 704 literali
1396 639 1431 703 vol

279 747 424 830 mystico,
440 749 493 830 qni
509 769 527 810 a
544 748 740 830 loquentibus
757 750 806 812 vel
822 770 841 812 a
857 749 979 832 Spiritu
994 758 1103 814 sancto
1120 771 1232 832 reapse
1243 751 1370 814 intentus
1381 749 1436 824 luit,
1515 720 1517 824 l

280 873 371 938 qnam
393 855 568 920 arbitrariis
594 856 756 942 allegoriis
778 858 936 922 sectandis
964 879 1092 940 oporam
1114 859 1248 925 dedisse.
1285 857 1344 922 Sed
1358 875 1438 937 nequo

279 963 421 1028 acriores
436 963 655 1050 allegoriarum
679 967 803 1050 patroni
819 969 939 1030 temere
956 971 987 1030 et
1011 967 1129 1049 absque
1151 968 1274 1030 ratione
1291 966 1383 1050 justa,
1400 963 1436 1026 uel

279 1071 371 1155 plane
388 1072 427 1136 cb
444 1073 650 1158 ignorantiam
668 1073 939 1158 interpretationis
956 1075 1089 1138 literalis
1107 1076 1171 1140 illis
1187 1074 1373 1160 inquirendis
1385 1080 1438 1135 tan·

279 1187 391 1263 topero
408 1181 592 1246 insudabant
599 1181 640 1262 ⁵).
666 1183 803 1261 Etenim,
833 1189 1052 1266 praeterquam
1073 1185 1156 1267 qnod
1173 1204 1297 1248 sonsum
1311 1179 1438 1246 literalem

280 1309 339 1370 pro
355 1289 552 1354 fundamento
570 1311 697 1372 ponere,
714 1291 805 1374 eique
822 1293 1037 1374 expositiones
1054 1292 1441 1378 allegoricassnpcrstruere

281 1397 425 1460 solebant
439 1397 486 1479 ⁸),
514 1397 537 1462 ii
554 1419 695 1484 quoqne,
718 1401 770 1483 qui
796 1401 856 1466 hoc
879 1401 1106 1485 interpretandi
1122 1421 1221 1485 genus
1237 1401 1320 1464 ultra
1343 1399 1441 1461 modun

281 1506 499 1588 sectabantur,
525 1509 596 1572 idon
612 1508 773 1592 allegoriis
789 1507 1041 1588 delectabantur,
1070 1507 1144 1592 qnia
1158 1528 1263 1572 earnm
1282 1507 1380 1572 studio
1393 1511 1441 1568 ton

279 1614 375 1698 genio
392 1615 506 1680 aetatis
523 1616 759 1702 indulgendum,
774 1623 839 1680 tum
855 1616 1016 1680 sanctitati
1033 1622 1064 1680 et
1079 1615 1262 1682 auctoritati
1279 1637 1305 1680 s.
1323 1615 1443 1696 Scriptu-
1519 1685 1520 1692 p

281 1742 335 1786 rae
351 1723 571 1788 consulendum
589 1743 659 1788 esse
676 1721 942 1804 existimabaot⁷).
959 1726 1026 1790 Nec
1038 1725 1207 1809 allegorias
1222 1727 1261 1788 ad
1279 1723 1443 1806 probandum
1519 1719 1520 1722 ’

282 1837 314 1896 ct
331 1831 621 1912 demonstrandum,
637 1835 675 1896 ad
692 1835 775 1916 quod
793 1853 846 1898 eas
862 1839 952 1916 aptas
969 1854 1030 1896 noo
1048 1853 1118 1898 osso
1134 1835 1213 1898 bene
1229 1836 1387 1910 noverunt,
1400 1829 1441 1892 sod

283 1941 321 2004 ad
337 1942 499 2006 doctrinas
514 1940 587 2006 lidei
604 1947 636 2006 et
652 1963 771 2008 morum
795 1943 995 2006 illustrandas
1018 1948 1050 2006 et
1066 1944 1105 2006 ad
1122 1942 1250 2025 pietatis
1277 1961 1366 2006 sensa
1380 1936 1444 2002 cxci·
1520 2003 1521 2034 ἶ

281 2052 376 2114 unda
393 2058 424 2115 ot
440 2052 622 2131 nutrienda,
646 2053 685 2116 ad
702 2053 784 2136 quud
808 2053 939 2116 idoneae
955 2058 1061 2132 erant,
1077 2052 1265 2117 adhibebant
1277 2045 1320 2130 ⁸).
1342 2053 1416 2128 Quae
1428 2065 1446 2106 s.
1520 2047 1521 2124 l

282 2157 467 2240 Scripturas
484 2159 671 2243 applicatio,
694 2181 764 2223 cnm
787 2159 869 2223 band
890 2159 958 2224 sine
980 2177 1093 2245 magno
1109 2159 1214 2222 irnctu
1229 2153 1446 2228 aedificationis,

282 2270 319 2328 ut
334 2272 458 2346 vocant,
474 2264 576 2346 lieret,
592 2268 717 2331 minime
733 2267 929 2350 reprobanda
944 2271 993 2332 est
1004 2262 1047 2346 ').

373 2374 416 2436 lix
433 2375 544 2457 quibus
561 2375 652 2440 iacilo
668 2375 866 2463 intelligitur,
880 2395 970 2460 qnam
987 2375 1142 2440 immerite
1158 2375 1448 2438 sanctornmPatroo

283 2484 504 2567 interpretatio
531 2487 754 2570 vilipendatur,
783 2488 860 2552 licet
886 2487 1043 2550 latendum
1065 2486 1124 2566 sit,
1153 2503 1347 2568 nequaqnam
1368 2478 1449 2544 omnia
1521 2557 1522 2572 χ

286 2613 393 2656 eorum
411 2614 506 2676 opera
523 2597 699 2680 exegetica,
723 2597 750 2660 si
767 2597 805 2660 ad
821 2615 998 2660 communes
1015 2593 1241 2677 interpretandi
1258 2593 1361 2678 leges,
1376 2592 1449 2674 prout
1521 2579 1522 2612 ³

285 2723 435 2766 successu
447 2705 598 2787 temporis
610 2707 642 2769 in
653 2711 793 2790 systema
804 2707 950 2770 redactae
962 2711 994 2768 ot
1006 2705 1084 2767 mire
1097 2702 1236 2767 excultae
1249 2705 1360 2765 nostra
1370 2701 1450 2762 aetate
1521 2629 1523 2762 l

287 2813 455 2892 habentur,
480 2815 565 2878 etad
582 2815 726 2896 doctum,
744 2815 796 2899 qui
812 2814 903 2878 nobis
919 2819 1046 2898 praesto
1063 2817 1129 2892 est,
1145 2817 1330 2895 apparatum
1346 2806 1451 2890 exiguu-

283 2928 353 3002 tur,
377 2923 518 2987 omnibus
540 2924 676 2988 numeris
700 2923 844 2988 absoluta
862 2942 945 2987 esse.
985 2925 1044 2988 Ast
1061 2921 1186 3002 eximie,
1215 2941 1297 3003 qnae
1314 2913 1451 2982 laboribus

283 3037 463 3094 sanctorum
480 3032 606 3094 Patrnm
625 3031 794 3118 exegeticis
810 3052 829 3094 a
845 3031 930 3095 nullo
947 3051 1047 3114 aequo
1070 3049 1174 3093 rernm
1198 3028 1397 3090 aestimatore
1409 3021 1450 3082 de·

283 3137 390 3222 negari
406 3143 539 3222 possunt
554 3140 666 3203 merita
681 3139 712 3202 in
729 3140 961 3222 praestantibus
984 3137 1178 3222 potissimum
1195 3134 1316 3220 ingenii
1333 3139 1363 3196 ot
1377 3125 1450 3193 animi

283 3243 426 3327 dntibus,
450 3253 543 3329 atque
559 3246 590 3310 in
608 3245 776 3329 peculiari,
806 3267 867 3329 qua
889 3249 1072 3326 utebantur,
1094 3242 1324 3326 interpretandi
1339 3237 1450 3312 ratione,

283 3355 403 3418 divinae
419 3355 517 3419 indoli
533 3375 559 3418 s.
576 3355 761 3440 Scripturas
785 3361 1009 3438 attemperata,
1032 3352 1209 3436 quaerenda
1238 3358 1333 3431 sunt,
1359 3345 1449 3429 quibet

282 3463 360 3527 solis
376 3464 426 3526 via
442 3464 479 3528 ad
495 3463 660 3550 genuinam
674 3463 848 3527 divinornm
862 3463 1057 3547 eloquiorom
1071 3459 1312 3545 intelligentiam
1325 3453 1450 3521 munitur.

283 3571 360 3636 Cum
377 3571 529 3658 singulari
544 3571 796 3656 perspicacitate,
813 3578 916 3637 mente
931 3572 969 3635 ab
986 3569 1068 3634 omni
1084 3569 1279 3653 praejudicio
1297 3566 1400 3639 libera,
1410 3580 1449 3623 ar·

282 3679 378 3742 dente
394 3679 537 3742 veritatis
559 3698 684 3758 amore,
710 3684 741 3743 et
757 3679 871 3762 spiritu
888 3679 991 3742 divina
1006 3678 1109 3764 gratia
1124 3675 1283 3759 disposito
1302 3669 1450 3754 conjunge·

280 3787 356 3850 bant
370 3806 529 3848 sacrarum
544 3786 706 3850 literarum
722 3787 859 3850 studium
876 3806 932 3869 por
947 3784 1062 3848 multos
1079 3802 1291 3864 annus,saepe
1304 3801 1360 3864 per
1371 3784 1448 3840 roco

281 3893 375 3956 vitam
393 3893 623 3971 continuatum,
641 3895 670 3956 io
689 3916 750 3978 quc
768 3895 812 3958 ita
828 3894 1048 3970 versabantur,
1065 3897 1099 3954 ut
1114 3890 1291 3954 doctrinam
1309 3884 1448 3952 Ecclesiae

279 4003 383 4066 aviva
400 4003 621 4084 Apostolorum
645 4005 796 4068 concione
820 4003 989 4067 derivatam
1016 4022 1075 4084 pro
1104 4020 1211 4064 norma
1233 4000 1397 4074 baberent,
1411 3988 1448 4055 eui

280 4133 366 4176 suam
384 4112 609 4194 expositionem
638 4114 909 4177 accommodarent
925 4108 980 4189 ¹⁰).
1016 4111 1087 4172 lodo
1114 4129 1152 4172 eo
1180 4109 1401 4192 pervenerunt,
1423 4103 1449 4158 ut

280 4221 384 4284 nullus
401 4223 494 4284 detur
510 4220 637 4304 majoris
660 4221 807 4285 momenti
834 4221 925 4284 locus
948 4218 1098 4294 biblicus,
1128 4215 1217 4299 cujus
1240 4215 1344 4278 sancti
1360 4215 1449 4276 l'alrcs

279 4348 339 4392 non
357 4330 514 4416 egregiam
533 4330 623 4394 nobis
641 4330 825 4414 reliquerint
853 4327 1097 4412 expositionem,
1126 4332 1158 4388 et
1182 4331 1216 4388 ut
1241 4345 1349 4387 eornm
1371 4335 1448 4402 opert

279 4438 440 4524 exegetica
459 4438 601 4502 omuibus
623 4439 876 4523 subsequentium
893 4443 1067 4519 temporum
1084 4431 1312 4516 interpretibus
1329 4423 1448 4506 exemplu

279 4550 353 4626 sint,
369 4550 452 4631 quod
469 4550 560 4613 modo
577 4549 608 4612 in
625 4569 719 4612 sensu
734 4550 870 4635 genuino
888 4546 1079 4630 explorando
1095 4564 1132 4610 ac
1148 4544 1347 4625 exponendo,
1373 4533 1446 4600 modu

278 4661 309 4722 in
327 4656 518 4742 applicandis
543 4659 643 4724 sacris
667 4658 769 4723 literis
791 4659 830 4722 ad
846 4656 998 4722 veritates
1015 4653 1179 4744 religiosas
1198 4650 1396 4716 illustrandas
1409 4647 1447 4706 at·
