3112 5284
1239 417 1316 490 249

128 569 172 658 NJ
191 595 230 656 Τ.
246 585 429 674 disciplinae
453 592 589 674 ejusdem
613 593 770 677 magistri,
808 592 860 676 qui
890 590 1119 676 legislationem
1147 592 1316 656 mosaicam

127 725 191 766 non
208 702 316 780 solvit,
341 702 397 766 sad
412 700 606 784 adimplevit,
631 701 839 764 adhaeserunt
865 698 914 786 (§.
934 701 1008 764 lat.
1026 703 1093 762 not.
1109 698 1162 786 6).

217 811 352 890 Verum,
370 810 441 893 quia
455 813 538 872 teste
559 809 750 890 experientia
771 808 911 872 homines
932 807 1016 871 nulla
1042 808 1073 870 in
1101 827 1136 870 rc
1158 809 1257 894 magis
1283 811 1314 871 in

128 924 236 1004 partes
249 915 390 982 diversas
401 918 575 997 trahantur,
593 937 683 1000 quam
695 915 727 979 in
743 915 868 998 placitis
884 915 1054 1000 religiosis,
1077 915 1122 978 ita
1137 921 1174 980 ut
1189 917 1240 980 rix
1254 919 1316 980 duo

128 1027 342 1106 inveniantur,
367 1026 420 1108 qui
447 1027 531 1088 circa
557 1011 650 1088 unum
672 1045 778 1088 eorum
798 1025 970 1089 alterumve
999 1029 1093 1108 caput
1116 1025 1148 1087 in
1176 1025 1316 1090 omnibus

127 1135 295 1200 momentis
310 1135 401 1218 piane
419 1135 590 1198 concordes
608 1133 755 1213 existant,
781 1137 813 1196 et
836 1155 875 1196 no
903 1133 997 1196 iidem
1017 1132 1140 1214 quidem
1164 1139 1314 1198 auctores

128 1245 302 1309 sententias
318 1265 391 1308 suas
406 1249 470 1307 tam
488 1240 622 1306 tirmiter
648 1248 891 1326 constanterque
918 1245 1062 1320 teneant,
1098 1245 1133 1304 ut
1164 1261 1317 1306 successu

2 1422 5 1452 ,
126 1353 281 1436 temporis
294 1373 345 1416 eas
357 1374 419 1416 noa
431 1351 560 1432 varient,
573 1372 675 1435 neque
686 1351 842 1432 interpres
853 1349 987 1414 biblicus
1000 1353 1148 1414 auctores
1160 1371 1318 1434 exponen·

2 1515 5 1545 ,
129 1463 189 1526 dos
205 1461 290 1524 nulla
311 1461 407 1524 divini
422 1459 528 1523 auxilii
550 1459 673 1523 ratione
689 1458 811 1536 habita,
837 1479 897 1541 quo
913 1458 1042 1520 fuerunt
1059 1458 1197 1522 instituti
1225 1466 1256 1523 et
1284 1462 1318 1524 in

3 1633 5 1636 .
132 1571 266 1634 veritate
294 1568 461 1652 custoditi,
495 1568 527 1630 in
555 1567 696 1631 omnibus
721 1566 812 1648 plane
839 1566 1070 1629 consentientes
1090 1567 1216 1648 praevie
1241 1588 1317 1651 snp-

3 1689 6 1729 1
131 1699 250 1763 ponere
277 1683 395 1760 potest.
441 1679 528 1756 Quae
551 1697 622 1739 cum
647 1675 692 1738 ita
720 1674 799 1757 sint,
823 1675 962 1755 quemvis
985 1678 1146 1738 auctorem
1169 1675 1317 1739 biblicum

132 1787 236 1868 quoad
252 1785 441 1864 sententias,
466 1806 543 1868 quas
564 1782 747 1867 profitetur,
777 1783 910 1845 seorsim
934 1781 1163 1845 consideratum
1184 1783 1318 1865 primum

2 1884 6 1914 ¹
131 1901 163 1958 et
185 1895 382 1978 potissimum
410 1913 446 1956 ex
470 1893 655 1976 semetipso,
687 1896 836 1973 respectu
862 1889 968 1953 habito
997 1889 1157 1975 cogitandi
1183 1892 1317 1956 rationis

3 1975 6 2006 Ι
128 2003 193 2086 ipsi
207 2001 393 2084 peculiaris,
418 2000 603 2082 explicabit,
631 2003 664 2063 et
690 2001 751 2062 hoe
774 1999 875 2062 solum
899 2004 1044 2078 eatenus,
1068 2002 1221 2081 quatenus
1247 2022 1317 2063 enm

129 2113 292 2174 decadem
314 2130 349 2172 re
371 2109 550 2191 loquentem
574 2108 689 2190 ubique
706 2113 946 2190 consequentem
962 2127 998 2170 ae
1015 2111 1207 2170 constantem
1230 2107 1317 2171 inve-

3 2251 7 2282 ι
129 2219 223 2282 norit.
250 2219 328 2282 llein
346 2218 469 2302 quidem
486 2217 566 2280 alios
584 2217 676 2280 etiam
694 2223 840 2281 auctores
856 2215 989 2280 biblicos
1005 2215 1038 2278 in
1055 2217 1316 2300 comparationem

3 2331 5 2336 '
130 2329 280 2407 adducet,
306 2329 361 2392 sed
375 2332 451 2390 tunc
467 2327 567 2390 solum
584 2330 616 2389 et
632 2331 777 2405 eatenus,
802 2327 924 2410 quando
941 2329 974 2388 et
989 2329 1141 2408 quatenus
1158 2346 1194 2388 ea
1209 2345 1316 2390 eorum

129 2435 213 2499 vitae
230 2436 472 2501 circumstantiis
496 2441 528 2499 et
544 2435 674 2518 scriptis
691 2435 850 2500 sufficiens
872 2434 1005 2497 babetur
1026 2433 1107 2496 ratio
1130 2434 1317 2514 assumendi,

131 2564 187 2607 eos
205 2544 290 2607 circa
306 2543 463 2627 objectum
484 2545 755 2625 interpretationis
771 2545 851 2607 idem
867 2544 958 2626 plane
975 2543 1102 2606 sentire

223 2653 280 2714 Ast
311 2652 403 2739 longe
431 2652 492 2716 alia
523 2653 605 2716 ratio
634 2654 791 2738 sequenda
818 2655 866 2715 est
893 2650 1147 2734 interpretationi
1174 2649 1319 2733 biblicae,

3 2753 6 2762 ”
131 2759 355 2842 quamprimum
383 2760 550 2844 interpreti
575 2781 758 2842 persuasum
786 2765 850 2838 est,
886 2760 985 2823 libros
1008 2759 1206 2840 exponendos
1231 2779 1318 2822 corn-

130 2868 228 2952 plecti
254 2868 414 2932 doctrinas
441 2890 459 2932 a
485 2870 551 2932 Deo
574 2869 746 2948 revelatas,
770 2887 847 2952 quas
870 2869 1000 2950 insuper
1022 2859 1317 2948 scriptores'dirino

129 2976 245 3040 auxilio
271 2976 369 3060 adjuti
392 2979 459 3040 sine
483 2977 567 3040 omni
587 2977 802 3040 immutatione
827 2981 859 3040 et
875 2975 993 3040 erroris
1009 2973 1197 3038 admixtione
1212 2974 1318 3038 literis

2 3134 6 3172 ,
130 3085 324 3148 mandarunt.
370 3087 486 3148 Verum
512 3086 635 3169 quidem
664 3089 728 3166 est,
764 3086 857 3149 etiam
884 3089 1031 3148 auctores
1054 3102 1162 3146 saeros
1184 3081 1317 3146 divinam

2 3245 6 3284 ,
129 3193 353 3257 revelationem
369 3194 472 3258 literis
490 3194 709 3279 consignantes
726 3194 771 3256 ita
785 3197 929 3256 versatos
944 3192 1062 3272 fuisse,
1086 3195 1200 3253 utnon
1217 3179 1317 3254 solum

3 3357 5 3394 ,
131 3301 186 3365 alii
214 3302 294 3381 alic,
318 3303 374 3365 sed
397 3303 491 3365 iidem
518 3323 641 3386 quoque
670 3302 802 3366 diversis
828 3301 861 3364 in
886 3301 967 3365 locis
994 3299 1121 3363 eandem
1144 3299 1317 3363 doctrinam

131 3409 255 3474 diverso
283 3411 375 3475 modo
402 3414 675 3496 repraesentarent
698 3414 730 3473 et
752 3413 957 3490 exornarent,
981 3411 1035 3472 aut
1057 3408 1096 3470 de
1124 3409 1230 3470 eadem
1257 3430 1316 3493 pro

3 3585 4 3606 ,
131 3517 348 3601 adjunctorum
374 3520 424 3582 rel
447 3519 571 3583 consilii
586 3519 768 3582 diversitate
791 3519 883 3581 modo
900 3519 960 3580 hoc
977 3517 1068 3580 modo
1085 3516 1163 3580 illud
1179 3537 1318 3583 momen-

3 3685 4 3704 ,
131 3631 198 3689 tum
214 3617 426 3708 inculcarent,
457 3628 550 3690 modo
566 3627 638 3710 plus
654 3627 746 3689 modo
770 3626 888 3706 minus,
914 3647 983 3689 cum
998 3624 1117 3709 majore
1132 3625 1182 3689 vel
1199 3624 1318 3691 minore

133 3735 344 3799 exactitudine
372 3736 523 3800 dicerent.
569 3735 636 3798 Nec
662 3735 764 3798 minus
786 3735 1016 3800 concedendum
1040 3740 1104 3817 est,
1132 3733 1233 3819 legem
1249 3756 1318 3796 mo-

132 3843 250 3908 saicam
269 3865 305 3907 eo
323 3844 455 3907 consilio
472 3844 581 3923 latam,
606 3849 642 3906 ut
656 3843 877 3926 perfectiorem
895 3843 1015 3910 Christi
1027 3842 1209 3928 religionem
1225 3863 1318 3925 prae-

130 3955 258 4034 pararet
282 3949 446 4039 (5134).
493 3955 693 4038 Quapropter
714 3954 864 4037 sapientis
880 3951 1052 4038 paedagogi
1075 3951 1176 4015 instar
1190 3971 1225 4016 se
1241 3973 1319 4014 con-

130 4060 244 4123 ditioni
264 4060 390 4144 generis
412 4061 536 4124 humani
557 4063 794 4125 accommodans
818 4060 996 4124 difficiliora
1017 4060 1067 4124 vel
1089 4060 1188 4123 minus
1205 4080 1315 4122 neces·

130 4168 216 4232 saria
241 4167 317 4246 alia,
342 4167 451 4231 saltem
465 4171 517 4232 ‘ab
543 4169 648 4248 initio,
679 4190 810 4252 prorsus
836 4191 899 4232 non
924 4167 1074 4249 tradidit,
1098 4167 1159 4230 alia
1185 4167 1317 4230 obscure

130 4281 252 4340 tantum
275 4277 482 4357 adumbravit,
514 4298 592 4359 qnae
608 4298 664 4362 per
681 4277 839 4341 Christum
869 4277 989 4339 demum
1005 4276 1095 4358 plene
1113 4279 1145 4336 et
1161 4274 1245 4336 clare
1261 4293 1317 4334 an-

130 4385 300 4450 nuntianda
325 4390 424 4448 erant.
470 4386 529 4450 nst
556 4407 618 4449 non
647 4386 790 4449 obstante
817 4385 878 4448 hoc
904 4385 991 4447 vario
1016 4405 1052 4446 ac
1079 4383 1221 4458 diverso,
1254 4400 1317 4461 quo

130 4499 279 4558 auctores
310 4492 463 4572 biblicus,
500 4494 667 4576 praecipue
694 4493 721 4556 si
748 4492 822 4555 illos
842 4494 879 4554 V.
901 4493 939 4555 T.
968 4513 1043 4574 prae
1072 4488 1205 4554 caeteris
1234 4488 1343 4549 anti-s

129 4602 259 4684 quiores
288 4621 357 4664 cum
384 4600 441 4679 iis,
473 4603 525 4686 qui
553 4601 592 4666 N.
615 4603 653 4664 Τ.
681 4600 890 4682 scripserunt,
930 4596 1174 4682 comparaveris,
1201 4593 1318 4658 ambitu
