3190 5290
302 340 352 414 42

293 519 464 582 ,defendere
489 517 648 598 convenit,
678 514 875 580 versionibus
900 515 1098 600 exceptiones
1122 535 1283 602 opponere
1307 515 1431 599 solent,
1455 523 1484 580 et

293 626 419 688 demum
454 624 527 709 quia
561 623 728 709 theologus
760 621 821 686 hoc
851 623 975 690 nomine
1007 623 1119 708 dignus
1144 622 1262 706 primos
1286 623 1318 684 in
1344 621 1483 686 omnibus

290 733 509 798 doctrinarum
533 751 658 796 suarum
681 732 785 796 sontes
810 733 962 818 exquirat.

323 892 353 958 ⁸)
372 899 450 946 (toni.
468 899 682 958 bekermann,
702 898 803 946 introii.
823 899 849 944 in
868 897 914 946 lib.
934 909 973 946 ss.
994 899 1024 945 V.
1037 898 1068 944 '1¹-
1087 909 1148 957 per.
1165 899 1198 944 ab
1219 911 1276 958 sqq.
1295 898 1434 947 coeternus
1455 902 1484 947 de

368 991 394 1036 vi
419 989 549 1050 obligante
573 989 669 1038 inuoluti
695 990 793 1037 decreti
816 989 888 1037 Trici.
908 992 1029 1038 recurret
1047 1001 1135 1036 sermo
1154 987 1224 1036 Sect.
1245 988 1277 1036 ΙΙ.
1298 990 1323 1048 ς.
1347 993 1408 1039 iit.
1429 991 1484 1038 coil.

371 1079 395 1138 S.
417 1081 476 1126 1⁷0.
497 1083 557 1126 note
576 1081 602 1126 2.

751 1309 988 1376 sanioribus
1012 1310 1036 1372 1.

523 1475 567 1540 bn
584 1475 646 1540 USU
662 1475 800 1542 liiidie
816 1472 1000 1540 inimicia
1016 1473 1261 1558 coenosorum.

455 1671 483 1737 s-
506 1667 546 1726 ii.
569 1666 640 1728 iuno
661 1668 690 1726 iu
709 1669 769 1740 eius
790 1667 880 1726 studio
901 1668 1037 1742 mtorpres
1059 1670 1195 1742 respicme
1215 1669 1331 1728 debeata

385 1813 507 1900 Lingua
529 1813 687 1898 hebraica,
711 1813 819 1898 populi
841 1813 1010 1878 israelitici
1034 1815 1107 1879 olirn
1129 1814 1306 1895 vernacula,
1330 1815 1484 1879 dialectos

296 1925 346 1985 est
369 1921 572 1992 monitorem
596 1921 646 2010 ¹),
669 1943 687 1986 a
711 1923 857 2002 dialecto,
882 1944 942 2010 qua
967 1921 1128 1988 Chamitae
1159 1943 1215 1987 seu
1239 1923 1429 1988 Canaanitae
1452 1925 1481 1988 iu

289 2031 471 2096 ›Palaestiua
500 2037 532 2096 ot
554 2032 724 2096 Phoenicia
756 2031 940 2110 utebantur,
975 2051 1084 2114 parum
1118 2031 1169 2094 vel
1192 2051 1324 2113 prorsus
1349 2053 1412 2096 non
1435 2033 1482 2095 di·

290 2158 394 2220 versa,
417 2141 502 2223 quod
525 2141 726 2223 expluribus
749 2139 873 2204 indiciis
896 2139 997 2224 liquet
1020 2139 1062 2228 r).
1101 2139 1182 2204 Hinc
1206 2139 1312 2226 lingna
1335 2139 1482 2205 hebraica

289 2253 490 2332 nuncupatur
514 2249 606 2312 etiam
631 2247 824 2312 eanaauitica
847 2246 931 2336 (les.
956 2248 1042 2328 XIX,
1068 2246 1157 2334 aa),
1192 2248 1267 2334 qnia
1289 2249 1482 2314 Abrabamns

293 2355 428 2434 Semita,
462 2377 498 2418 eu
520 2355 566 2418 Ur
590 2355 819 2419 Chaldaeorum
843 2354 874 2417 in
897 2355 1104 2418 Palaestinam
1140 2355 1279 2435 delatus,
1315 2355 1481 2420 dialectum

293 2462 552 2542 Canaanitarnm,
586 2468 698 2544 utpote
729 2483 798 2525 cum
822 2461 924 2545 patria
952 2463 1020 2526 fere
1045 2465 1189 2544 eandem,
1228 2465 1427 2546 adoptaverit
1451 2469 1481 2528 et

289 2571 332 2634 ad
355 2575 503 2654 posteros
534 2570 768 2656 propagaverit.
815 2574 902 2650 Quae
933 2591 1003 2634 eum
1038 2571 1076 2634 ab
1110 2571 1175 2635 illis
1209 2575 1321 2656 postea
1357 2571 1482 2658 egregie

292 2678 416 2743 exculta
438 2679 565 2742 Davidis
591 2683 622 2741 et
647 2678 826 2742 Salomonis
850 2683 953 2742 aetate
977 2680 1009 2743 in
1032 2679 1239 2763 perfectionis
1262 2679 1390 2764 fastigio
1416 2685 1482 2742 ste·

290 2787 395 2866 tisset,
418 2807 476 2850 nee
500 2807 600 2871 usque
623 2790 662 2850 ad
687 2785 809 2850 exilium
833 2787 1002 2850 notabilem
1025 2787 1229 2850 mutationem
1253 2785 1419 2867 subiisset,
1444 2808 1481 2850 eo

290 2894 439 2979 deinceps
463 2899 606 2979 tempore
630 2895 768 2979 puritate
798 2895 914 2980 prioris
945 2895 1013 2959 aevi
1037 2893 1200 2979 deperdita
1222 2894 1363 2978 pluribus
1387 2913 1481 2977 pere·

287 3003 389 3088 grinio
424 3024 460 3067 ac
495 3002 723 3068 recentioribus
759 3002 928 3066 deformari
964 3003 1079 3086 eoepit.
1118 3002 1241 3066 Etenim
1277 3003 1384 3066 exules
1414 3001 1479 3066 lle-

288 3109 377 3174 braei
400 3109 609 3175 assuefiebant
632 3109 756 3196 linguae
781 3109 964 3174 vernaculae
988 3110 1150 3190 locorum,
1182 3110 1213 3172 in
1250 3109 1361 3196 quibus
1384 3111 1481 3194 dege·

288 3218 373 3300 bant,
398 3241 508 3304 nempe
532 3239 693 3284 aramaeae
718 3218 865 3283 orientali
889 3238 944 3282 sen
969 3217 1157 3300 chaldaicae,
1182 3218 1226 3282 ita
1249 3225 1285 3280 ut
1301 3217 1407 3302 lingna
1423 3217 1479 3280 be-

287 3328 394 3392 braica
416 3349 473 3412 per
495 3328 590 3407 banc,
622 3347 682 3412 qua
713 3327 861 3411 primitus
885 3331 1014 3412 praeter
1036 3326 1138 3406 illam,
1174 3326 1352 3414 etquidem
1378 3324 1480 3390 solum
1559 3331 1560 3406 j

286 3437 320 3499 in
343 3456 488 3500 sermone
511 3436 648 3521 vulgari,
678 3435 862 3516 utebantur,
887 3441 1036 3517 corrupta
1059 3441 1132 3517 post
1156 3435 1290 3498 reditum
1316 3455 1353 3498 eu
1377 3434 1480 3518 capti·
1559 3465 1560 3472 κ

286 3545 384 3607 vitate
408 3543 522 3608 sensim
547 3543 723 3628 sensimque
754 3563 790 3606 ex
815 3563 870 3606 ore
893 3541 1002 3626 populi
1025 3565 1086 3606 non
1111 3542 1243 3627 amplius
1266 3545 1419 3626 percepta
1441 3543 1481 3605 ad

288 3651 488 3714 scribendum
510 3657 631 3716 tantum
654 3651 864 3734 retineretur,
899 3673 960 3716 non
995 3655 1099 3714 minen
1129 3651 1197 3714 sine
1228 3655 1387 3714 momento
1418 3649 1480 3712 lin-

284 3773 367 3845 guae
397 3759 534 3845 vulgaris
564 3763 716 3844 cognatae
751 3761 844 3843 atque
880 3759 1092 3823 recentiorum
1123 3758 1342 3824 commixtione
1366 3755 1481 3840 majori
1555 3775 1560 3782 ‘¹

287 3867 337 3930 rel
361 3866 474 3958 minori
495 3887 553 3951 pro
578 3867 769 3950 scriptorum
794 3865 993 3946 diversitate,
1030 3867 1129 3930 donec
1159 3865 1217 3928 sub
1247 3861 1340 3928 linem
1366 3863 1480 3928 aetatis

286 3975 541 4040 blaccabaeornm
565 3973 691 4059 penitus
717 3978 922 4038 emoreretur.

378 4083 530 4148 Nostrum
549 4081 614 4166 jam
639 4089 705 4164 cst,
741 4083 832 4166 hujus
862 4083 985 4170 linguae
1014 4082 1147 4147 biblicae
1176 4083 1308 4168 primum
1338 4083 1481 4146 indolem

285 4191 479 4273 describere,
504 4191 576 4256 dein
600 4190 666 4275 ejus
691 4193 926 4278 cognoscendae
946 4193 1057 4276 scateo
1080 4211 1121 4258 ac
1136 4191 1291 4256 audemia
1305 4189 1479 4279 assignare.

316 4351 341 4422 ¹)
360 4357 470 4418 ningues
490 4360 644 4418 populorum
663 4358 741 4408 Asiae
760 4359 916 4420 anterioris,
937 4359 969 4405 ed
989 4369 1095 4418 quarum
1112 4359 1220 4418 stirpem
1235 4355 1357 4404 hebraica
1371 4359 1486 4415 speciei,

359 4448 519 4509 antiquiores
539 4451 636 4509 passim
655 4449 821 4510 appellabant
846 4449 1011 4504 orientales,
1040 4450 1131 4497 Patres
1156 4447 1300 4509 ecelesiae,
1328 4447 1480 4498 nominatim
1559 4493 1560 4512 ,

230 4551 232 4554 ·
361 4553 382 4585 s.
405 4540 598 4602 Hieronymum,
624 4541 715 4590 secuti.
751 4541 820 4598 Quae
844 4539 1022 4598 compellatio.
1042 4539 1103 4586 licet
1123 4551 1202 4586 exeo
1222 4537 1395 4596 deiendatur,
1415 4525 1480 4597 quod
