3112 5284
260 389 339 462 272

332 583 387 618 earn
405 572 456 618 ioci
470 571 714 632 interpretationem
727 573 847 625 tueatur,
868 583 917 630 que
938 575 1031 618 contre
1056 569 1131 618 idern
1154 569 1288 620 iireieeiae
1310 575 1448 623 catholicae

333 661 433 710 chricti
445 663 568 710 tllrloitue
583 666 703 721 negetur.

287 746 313 810 ¹)
333 754 497 812 Quapropter
509 753 584 800 Joeu.
597 751 655 808 XX,
679 751 723 798 at.
743 751 845 798 minime
864 751 1122 811 admittetinterpree
1138 752 1282 800 catholicoe
1296 765 1353 800 eom
1368 755 1446 801 inter·

333 843 503 903 preteilonern
524 843 595 888 vecie
619 834 765 908 ἁμαρτίας,
785 854 859 901 qurum
877 841 1036 900 beneiue,
1057 841 1236 889 uteneette
1255 843 1353 903 aliique
1372 847 1447 904 adop·
1546 833 1547 852 ¹

331 937 432 992 terunt,
451 934 494 993 qui
512 937 620 992 peccota
639 945 687 992 pro
705 940 880 994 peecatorem
896 927 1008 996 poenis,
1028 933 1062 980 etl
1080 945 1144 992 quae
1165 934 1344 982 Hebraeorum
1367 939 1447 996 opinio

333 1025 410 1070 etiem
425 1023 529 1070 morbo·
542 1021 685 1078 referebat,
705 1022 884 1084 acciplebant,
905 1027 934 1070 ut
953 1023 1018 1072 adeo
1031 1023 1174 1071 remittere
1190 1029 1306 1088 peccota
1326 1029 1399 1074 eeeet
1410 1041 1450 1074 re·

333 1126 439 1160 movere
463 1125 628 1173 concoquens
647 1115 829 1172 peecatorum,
848 1112 960 1160 liberare
978 1125 994 1159 e
1012 1114 1124 1171 morbis,
1149 1117 1176 1161 et
1195 1115 1320 1162 retinere
1339 1121 1448 1180 peceato

331 1205 435 1252 morbo·
454 1205 608 1264 immittere,
627 1205 670 1252 vei
690 1203 825 1251 reclinem
844 1215 896 1250 non
920 1205 1069 1252 restituere.
1099 1204 1196 1252 Gonier
1215 1207 1240 1266 s.
1263 1209 1323 1254 tte.
1342 1214 1397 1254 not.
1417 1211 1448 1265 3.,

333 1295 377 1342 ubi
396 1295 612 1344 laudeturcenon
622 1295 731 1343 concilii
740 1293 893 1353 tridentini,
914 1307 964 1354 que
977 1296 1049 1342 locun
1064 1301 1154 1343 uerter
1166 1297 1198 1342 tie
1213 1301 1346 1355 potentate
1363 1301 1447 1346 remit·

330 1385 401 1432 tendi
419 1391 528 1446 peccata
545 1385 570 1431 in
586 1384 751 1432 sacramento
771 1386 947 1444 poenitentioe
964 1385 1107 1446 dormitice
1124 1384 1260 1441 delinitur,
1280 1392 1306 1434 et
1320 1389 1373 1434 ella
1390 1402 1447 1448 per-

329 1487 405 1521 rerea
419 1473 493 1534 bruun
507 1475 555 1520 inei
569 1475 762 1534 interpretatio,
781 1475 813 1520 tle
829 1475 982 1522 auctoritate
1000 1475 1167 1534 praedicandi
1182 1477 1360 1536 Evangeiium,
1380 1492 1449 1540 qnam

330 1564 479 1612 heterodoxi
491 1559 628 1624 terebant,
648 1562 816 1623 reprobetur.

806 1721 834 1790 ς.
851 1713 907 1777 tte

674 1829 706 1898 b)
726 1829 856 1900 ithedoe
871 1830 1024 1903 peritiore.

344 1979 437 2058 Quotl
453 1975 625 2060 praelatum
642 1973 777 2040 concilii
791 1975 971 2039 Tridentini
987 1973 1147 2042 decretum
1164 1980 1310 2064 negative
1326 1982 1448 2060 etetuit,

256 2107 294 2150 ne
310 2086 433 2150 ecilioet
448 2084 561 2169 aliquis
583 2085 809 2168 interpretetur
823 2103 849 2148 e.
866 2084 1062 2168 scripturam
1081 2091 1190 2150 contra
1219 2109 1288 2152 enm
1312 2108 1448 2170 aeneum,

256 2211 346 2278 quem
362 2194 463 2259 tenuit
480 2200 512 2257 et
527 2199 615 2257 tenet
631 2211 657 2256 e.
674 2197 775 2256 mater
789 2192 953 2276 liccletia,
977 2209 1035 2258 nec
1052 2201 1163 2260 contre
1178 2199 1357 2262 unanimem
1376 2221 1449 2264 con·-

255 2323 381 2367 eensum
404 2305 547 2380 Petrum,
583 2301 761 2383 Profectio
786 2299 883 2386 fidei,
909 2322 988 2385 quae
1015 2303 1187 2368 conformia
1211 2306 1355 2370 decretis
1376 2307 1449 2370 Tri·

254 2412 391 2476 dcntinie
414 2429 432 2472 a
454 2409 524 2473 Pio
541 2408 593 2471 lV.
612 2407 696 2472 etlite
718 2415 751 2472 et
768 2427 827 2490 pro
853 2409 979 2492 publico
1002 2407 1166 2475 Ecclesiae
1190 2408 1369 2479 catholicae
1392 2430 1450 2480 unt

253 2521 449 2606 praescripta
465 2523 497 2582 et
520 2521 651 2599 recepta
667 2522 725 2596 est,
743 2517 945 2599 sequentibus
961 2517 1097 2603 positivo
1109 2519 1274 2603 exprimit:
1297 2523 1448 2588 Sacram

256 2627 579 2713 scriptoramjorto
594 2643 667 2690 enm
682 2641 828 2708 aeneam,
852 2643 948 2709 quern
967 2629 1072 2691 tenuit
1088 2638 1120 2692 et
1132 2637 1220 2694 tenet
1230 2640 1356 2694 cancta
1376 2653 1449 2695 mo-

252 2749 304 2804 tet·
316 2735 482 2815 Eccieeio,
496 2769 538 2784 -
547 2767 592 2782 -
606 2737 757 2812 admitto,
775 2751 837 2800 occ
854 2755 928 2800 com
944 2753 1105 2818 capuam,
1122 2741 1192 2802 nube·
1197 2739 1308 2822 jueta
1322 2745 1449 2804 unmi-

252 2863 336 2910 mem
358 2861 559 2910 conterrerem
581 2843 723 2907 Patrem
743 2846 907 2924 occipiunt
925 2851 959 2906 ct
982 2845 1227 2926 interpretabor
1244 2843 1284 2931 ¹).
1311 2848 1356 2910 lit
1371 2869 1448 2930 pro·

252 2956 336 3019 lecto
353 2954 431 3018 baec
446 2973 509 3017 non
526 2951 793 3035 complectuntur,
816 2950 878 3014 niti
900 2949 1145 3016 declarationem
1168 2955 1292 3017 decreti
1307 2957 1447 3020 Tritlen·

250 3064 309 3128 tini
330 3063 361 3127 in
383 3066 496 3126 natura
521 3061 570 3125 rei
591 3061 694 3123 eitam.
728 3058 851 3122 Etenim
876 3059 958 3122 sicut
974 3059 1125 3146 Decalogi
1152 3069 1341 3145 praccepta,
1369 3085 1447 3150 quac

252 3195 337 3238 mere
354 3169 497 3258 negativa
513 3169 666 3248 vitientur,
691 3187 753 3232 non
768 3174 889 3232 tantum
907 3187 986 3251 qnae
1002 3169 1066 3232 eint
1080 3164 1207 3234 vitantia
1222 3171 1367 3252 inuuunt,
1391 3176 1445 3239 ecel

252 3282 345 3344 etiam
363 3276 512 3364 quaedam
529 3274 648 3363 menda
663 3276 826 3353 mandant,
849 3276 894 3338 ite
911 3297 1035 3360 quoquc
1051 3275 1210 3341 laudatum
1227 3279 1368 3344 Concilii
1391 3283 1446 3346 tle-

253 3393 382 3471 eretnm,
407 3387 483 3451 licet
499 3385 634 3450 formula
648 3384 793 3470 negativa
813 3403 1015 3467 expressum,
1041 3383 1170 3467 poeitlri
1193 3390 1360 3472 praecepti
1386 3391 1445 3453 viru

251 3499 358 3578 habet,
384 3519 444 3582 qno
461 3497 619 3578 interpres
643 3493 817 3580 obligatur,
841 3499 876 3558 ut
892 3491 1043 3578 quosdam
1058 3491 1149 3556 locos
1165 3495 1378 3560 determinata
1392 3519 1445 3560 ra·
1545 3493 1546 3536 l

248 3608 334 3670 tione
347 3601 531 3692 exponat').
554 3605 623 3683 Qua
639 3601 830 3686 obligatione
845 3603 926 3665 hand
943 3600 1036 3664 dubie
1051 3605 1186 3682 tenetur,
1203 3601 1256 3667 ubi
1269 3611 1361 3668 certa
1375 3615 1444 3668 tan-

250 3721 316 3776 tum
332 3711 486 3796 expositio
502 3711 665 3775 veritatem
682 3709 868 3773 catholicam
886 3729 946 3771 ucn
963 3709 1085 3789 evortit,
1102 3713 1135 3774 et
1150 3710 1242 3794 proin
1260 3714 1366 3776 omnic
1386 3714 1445 3777 alia

252 3822 431 3885 necessario
447 3821 528 3884 ialsa
543 3825 594 3884 est
609 3819 660 3904 (S.
675 3816 771 3904 183),
795 3819 877 3902 qued
895 3817 1098 3901 sequentibus
1111 3816 1145 3882 in
1162 3819 1287 3883 casibus
1304 3823 1443 3886 obtinet:

342 3934 372 3994 i.
396 3931 526 4010 Quando
543 3928 685 3992 liccleeie
699 3928 731 3989 in
755 3925 899 3990 Concilio
920 3926 1061 4012 gererali
1089 3934 1281 4013 congregata
1303 3933 1444 4015 scriptu·

250 4059 315 4104 rem
332 4039 464 4122 aliquam
481 4037 657 4124 dogmatice
680 4035 846 4118 exposuit,
870 4035 925 4118 qni
940 4033 1020 4098 onitu
1037 4037 1202 4099 recelleret
1216 4035 1256 4100 ab
1271 4037 1333 4102 bac
1349 4061 1445 4124 expo·

249 4150 375 4230 titione,
400 4148 438 4210 ab
454 4147 616 4210 liocleeiae
632 4145 765 4209 veritate
782 4145 956 4206 recederet.

339 4263 371 4324 2.
396 4257 478 4320 idern
496 4255 658 4318 (licendum
675 4258 739 4332 cet,
757 4253 879 4336 quando
896 4250 998 4314 eeneii
1014 4251 1125 4315 Patr-ee
1140 4253 1302 4316 unanimes
1318 4254 1353 4316 in
1370 4275 1442 4319 een·

249 4366 319 4431 tiam
336 4363 422 4430 effati
444 4363 552 4428 biblici
568 4363 607 4426 ael
622 4359 716 4424 iidem
737 4380 903 4444 moresque
924 4359 1098 4444 spectantis
1121 4360 1351 4442 expositionem
1368 4385 1441 4426 con-

249 4475 390 4558 spirant,
414 4472 487 4558 quia
512 4472 570 4536 tali
593 4470 625 4534 iu
653 4489 728 4532 casu
753 4469 885 4532 babetur
913 4466 1069 4550 expositio
1097 4466 1244 4552 abtiquae
1266 4471 1440 4550 Ecclesiae,

249 4603 339 4666 quem
355 4587 460 4664 patret
477 4582 723 4665 repraesentant.
