3092 5286
232 449 312 528 sit

301 628 463 680 servstiunes
486 627 579 675 ebsrts
598 625 799 690 exciperentur,
828 625 904 674 libris
924 625 1080 686 disciplinss
1098 625 1279 688 dogmstlcse,
1300 627 1417 686 merciis,

300 722 442 781 psstorsiis
461 724 487 768 et
502 719 676 766 estecbeticse
701 721 791 766 eburis
809 717 867 766 sibs
885 717 1013 766 distinctis
1036 718 1224 774 insererentur,
1245 720 1291 763 sut
1305 717 1417 776 propriis

231 783 234 794 Ι
303 809 472 858 collectsnsis
486 823 534 870 pro
550 811 636 858 tuturo
650 823 698 857 usu
713 808 850 856 ordinatim
868 807 1073 868 reponerentur!
1092 807 1171 855 bsctu
1183 807 1337 867 dignissims
1349 811 1417 862 sunt,

302 912 368 961 quse
392 900 556 948 inveniuntur
584 900 611 947 in
629 901 698 948 Jso.
718 899 816 946 lirini
834 897 960 957 theolog.
980 897 1136 946 zeitschrift
1163 899 1206 950 lli.
1225 898 1317 956 Jsbrg.
1348 899 1370 944 1.
1389 898 1417 944 Β.

302 1003 330 1055 p.
349 991 401 1038 287
421 1003 481 1050 sqq.
510 991 541 1037 ll.
562 990 592 1036 li.
611 1003 638 1049 p.
660 991 694 1037 td
711 1001 768 1050 sqq.
792 985 878 1036 llsber
895 987 938 1034 dis
953 987 1240 1048 Notbwendtgiteitud
1255 987 1308 1033 den
1318 987 1418 1033 Nntsen

301 1082 374 1130 eines
395 1081 527 1142 tisisstssn
541 1083 688 1134 dorsetens
700 1083 727 1130 tn
739 1083 788 1130 den
801 1083 826 1130 is.
840 1079 972 1130 senrtnen
986 1081 1033 1130 des
1048 1081 1119 1130 sites
1135 1081 1188 1132 und
1203 1093 1288 1128 neuen
1305 1080 1418 1128 iiundss

498 1239 526 1308 s.
543 1239 599 1300 isu.
613 1237 650 1297 uo
666 1239 778 1298 omne
794 1239 897 1314 uem
912 1237 976 1298 ueri
992 1236 1146 1298 emtore

320 1365 435 1430 Omnes
462 1365 537 1432 libri
563 1372 671 1452 portes
698 1369 737 1434 od
761 1368 926 1434 consilium
947 1368 1020 1434 libri
1046 1366 1193 1452 generale
1221 1365 1261 1430 ab
1288 1371 1418 1431 anctore

230 1473 369 1558 ejusdem
385 1475 579 1562 diriguntur,
602 1477 683 1548 unde
705 1499 805 1562 prono
822 1479 911 1544 elren
927 1477 1036 1564 regule
1050 1475 1133 1560 fluit,
1154 1477 1187 1540 in
1204 1475 1339 1562 singulis
1355 1495 1419 1538 ms-

222 1581 309 1668 joris
345 1584 455 1648 saltem
483 1585 618 1650 umbitus
645 1586 787 1670 partibus
816 1586 1013 1671 explorandis
1041 1585 1178 1650 solerter
1208 1585 1417 1672 indagantium

227 1712 314 1771 esse,
339 1693 495 1775 quomode
511 1693 666 1780 generalis
681 1693 737 1760 ille
751 1695 839 1759 notio
855 1695 1024 1780 probetur,
1046 1693 1244 1774 illustretur,
1265 1712 1417 1776 proesen-

227 1806 314 1896 teinr
331 1807 393 1870 sie.
404 1798 443 1888 ¹).

318 1909 496 1976 Cavendum
511 1916 616 1976 tamen
633 1917 700 1993 est,
722 1933 778 1992 ue,
801 1918 836 1980 ut
852 1932 949 1998 snpra
957 1911 1024 1996 jem
1040 1911 1227 1989 monuimus,
1244 1929 1355 1976 omnes
1370 1910 1418 1976 vel

227 2019 368 2082 minimas
390 2018 465 2082 libri
479 2025 586 2104 partes
601 2021 742 2104 proxime
764 2023 804 2086 sd
827 2021 968 2085 auctoris
982 2018 1077 2088 finem
1103 2020 1241 2084 directas
1258 2037 1331 2084 esse
1348 2039 1417 2082 cre·

224 2128 332 2192 demus
356 2127 406 2214 (S.
425 2126 527 2215 138),
551 2149 647 2212 perro
670 2150 710 2193 ue
731 2133 914 2214 argumente
930 2127 1224 2212 demonstrandique
1249 2127 1416 2206 rationem,

229 2238 352 2320 quondo
368 2237 435 2300 fors
452 2241 563 2306 auctor
579 2237 610 2300 in
625 2239 688 2306 bue
703 2237 831 2322 negotiu
848 2241 1002 2318 versetur,
1024 2256 1148 2324 semper
1165 2235 1260 2300 etism
1275 2235 1370 2300 nobis
1387 2240 1416 2298 et

227 2344 368 2410 omnibus
396 2345 570 2409 lectoribus
586 2343 769 2410 satisfecere
793 2346 908 2411 debere
935 2345 1134 2425 arbitremur,
1165 2347 1280 2428 utpote
1304 2343 1416 2427 quibus

229 2452 452 2519 convincendis
468 2453 624 2518 destincte
640 2477 701 2520 non
718 2460 788 2519 eret
804 2454 907 2519 cretio
920 2453 964 2543 ⁸).

252 2575 276 2642 ¹)
297 2583 426 2641 Quomodo
436 2595 458 2630 e.
475 2596 502 2644 ς.
523 2584 548 2634 in
570 2584 674 2645 stnsults
690 2585 820 2645 brungslti
835 2584 944 2636 lusnsis
963 2583 1151 2635 remotionibus
1170 2585 1251 2632 lesus
1270 2581 1417 2632 innotesest

300 2669 367 2722 iiiios
385 2674 432 2720 ilci
451 2677 590 2734 suetorque
610 2675 723 2724 ssiutis‘i

252 2755 278 2822 ¹)
298 2763 395 2812 center
413 2775 492 2826 supro
510 2763 536 2824 s.
556 2766 617 2813 itit.
637 2769 690 2812 not.
709 2765 736 2812 t.
758 2765 782 2826 ς.
801 2765 862 2812 iti.
879 2765 933 2812 nui.
948 2765 1048 2812 d-it.

437 2922 464 2990 s.
480 2921 534 2982 itt.
550 2921 587 2982 ils
602 2923 713 2984 oendbo
729 2922 899 2996 memorum
913 2923 1034 2996 portium
1049 2921 1204 2982 olbibsuis.

315 3051 408 3115 Solet
430 3051 564 3135 amplior
584 3051 675 3130 liber,
702 3052 872 3136 praecipue
890 3050 1033 3134 epistole,
1059 3050 1202 3134 pluribus
1228 3049 1414 3134 frequenter
1540 3107 1541 3132 ,

228 3160 382 3225 destinari
406 3160 557 3242 consiliis,
586 3159 754 3244 quaesibi
781 3161 977 3225 coordinata
1000 3163 1135 3244 possunt
1162 3158 1362 3224 considerari
1374 3158 1415 3244 ²).

228 3269 314 3346 ome
329 3269 465 3352 portium
481 3267 634 3352 majorum
649 3267 780 3332 oonsilio
796 3268 825 3334 si
841 3267 1040 3356 cognoveris,
1050 3267 1142 3351 justo
1157 3267 1308 3331 munitum
1324 3287 1416 3351 puru-

227 3376 339 3460 gropbi
354 3378 572 3460 praecedentis
588 3376 762 3442 adhibebis.

319 3483 356 3546 Si
370 3505 445 3548 veru
462 3486 593 3550 consilis
608 3486 669 3554 citt
684 3490 756 3550 sunt
770 3485 1006 3559 subordinate,
1022 3489 1118 3569 pout
1133 3484 1165 3548 in
1182 3483 1338 3548 orationis
1355 3483 1415 3546 iln-
1540 3521 1541 3538 r

228 3592 309 3653 mine
321 3589 392 3660 lieri
404 3595 577 3673 consuevit,
589 3600 624 3658 ut
640 3615 659 3658 e
675 3593 807 3660 consilio
822 3593 962 3678 general
977 3613 1035 3678 per
1049 3592 1251 3656 intermedius
1269 3591 1417 3656 notiones

229 3701 273 3764 od.
284 3699 404 3784 singnis
426 3702 645 3782 descendetur,
657 3706 733 3767 tune
747 3702 905 3785 interpres
921 3705 1084 3766 sceurstss
1101 3701 1276 3766 divisiones
1292 3706 1327 3763 et
1342 3699 1416 3762 sub-

229 3805 400 3870 divisiones
417 3807 509 3890 juxte
524 3809 653 3874 strictos
668 3810 791 3896 logione
806 3807 982 3875 oriiiieiolis
997 3810 1142 3897 regulas,
1158 3811 1197 3874 ed
1213 3829 1289 3894 quus
1305 3809 1416 3894 begie-

228 3915 341 3998 grupbi
356 3917 502 3998 prefecto
526 3940 589 3982 non
605 3921 817 4000 attendebant,
833 3939 872 3982 ne
889 3925 1037 4003 qusernt3
1060 3919 1166 4004 potius
1182 3917 1307 4002 singulo
1322 3918 1416 3995 ineu,

229 4027 460 4107 argumentost
488 4026 701 4114 expositiones
721 4027 814 4110 juxte
838 4027 965 4113 regulus
992 4028 1032 4091 de
1060 4030 1217 4105 contextu,
1244 4026 1415 4110 praecipue

226 4130 455 4218 psyobologico
477 4136 611 4206 trudibus
633 4142 739 4203 nectet
762 4157 832 4200 cum
859 4135 966 4202 altiori
988 4135 1127 4214 notione,
1152 4140 1246 4219 etque
1263 4134 1417 4198 interiore

228 4239 306 4303 baec
333 4243 463 4306 oonsilio
489 4244 534 4308 its
556 4245 716 4326 adhibeat,
740 4251 775 4310 ut
799 4244 922 4330 singulo
937 4265 995 4327 pro
1011 4243 1149 4322 ratione,
1174 4263 1235 4326 qus
1252 4264 1323 4305 cunr
1339 4243 1417 4325 ipsis

228 4354 303 4412 sunt
319 4371 473 4432 connexe,
488 4353 717 4434 interpretetur
728 4343 772 4440 ²).

248 4477 273 4544 ¹)
293 4482 338 4532 ste
365 4483 459 4534 Psuius
488 4484 513 4530 tn
540 4482 651 4542 epistole
679 4484 712 4529 ed
737 4481 840 4531 (iststes
882 4479 919 4542 o)
945 4483 1124 4528 snotodtstem
1150 4491 1222 4528 msm
1250 4479 1417 4538 spostotiesm

230 4611 235 4622 .
301 4571 403 4622 irmsrs
429 4575 457 4630 i,
480 4573 574 4630 t-tl‚
596 4573 653 4632 it„
683 4571 717 4634 d)
743 4575 881 4624 usnitstenr
903 4572 969 4632 ieris
984 4571 1113 4620 tiussicss
1129 4571 1263 4618 deeisrsre
1287 4571 1325 4626 tl,
1343 4568 1413 4616 15-

232 4709 237 4716 .
300 4665 330 4726 V,
350 4666 411 4726 st..
432 4663 465 4726 o)
486 4678 571 4716 versun
589 4666 708 4714 virtutem
727 4665 859 4716 incuiesre
878 4664 907 4722 ll,
928 4662 1047 4722 tb-Vl,
1070 4663 1110 4712 tt.
1129 4661 1247 4712 menne
