3092 5286
222 437 298 512 186

218 613 445 694 existimamus,
473 617 508 676 ut
532 613 663 694 primum
686 617 869 696 argumenta
891 629 1000 676 corum
1023 613 1211 690 retutemus,
1243 612 1316 676 dein
1351 631 1407 674 ra-

220 722 324 788 tiones
346 742 405 806 pro
428 725 538 784 nostra
560 719 715 784 sententia
737 719 945 808 proferamus.

307 832 395 910 Quae
424 833 528 894 autem
558 829 854 894 accommodationis
885 827 1082 913 dogmaticae
1112 829 1239 910 patroni
1271 829 1303 890 iu
1338 848 1408 890 rem

218 959 307 1004 suam
327 938 493 1023 proferunt
515 941 714 1023 argomento,
737 938 820 1002 omni
842 938 976 1002 veritato
999 941 1117 1000 camut.
1149 937 1286 1000 Primum
1310 956 1408 1021 prae-

218 1049 352 1114 tendunt
378 1045 597 1112 necessitatem
624 1045 716 1130 bujcs
745 1046 1053 1110 accommodationis.
1076 1045 1209 1110 Scilicet
1241 1045 1408 1108 auditores

218 1154 296 1221 lesu
330 1159 362 1220 ot
395 1154 622 1238 Apostolorum
660 1154 739 1218 adeo
769 1153 970 1238 praejudiciis
1008 1160 1040 1218 et
1073 1153 1162 1217 lalsis
1204 1153 1406 1238 opinionibus

219 1265 390 1348 occupatus
417 1263 516 1328 inissa
545 1260 648 1346 ajunt,
686 1268 723 1327 ut
745 1263 779 1328 bi
800 1264 904 1328 coacti
925 1265 1062 1346 luerint,
1091 1265 1242 1347 quosdam
1272 1261 1408 1324 illorum

219 1392 345 1437 errores
379 1393 440 1458 qua
470 1391 546 1436 suos
578 1375 719 1437 tractare
743 1376 777 1436 et
804 1373 995 1458 approbare,
1033 1391 1072 1435 ue
1105 1391 1198 1436 verae
1242 1369 1407 1432 doctrinae

220 1479 382 1548 obstacula
396 1485 558 1566 ponerent.
581 1479 660 1544 Dein
682 1486 855 1566 provocant
877 1481 917 1545 ad
940 1481 1090 1565 quosdam
1105 1480 1281 1544 bibliorum
1302 1475 1408 1560 locos,

220 1590 401 1656 nominatim
424 1589 531 1669 Pauli,
563 1589 617 1652 ubi
646 1589 832 1672 Apostolum
853 1591 935 1654 banc
957 1587 1253 1654 accommodationis
1270 1586 1409 1670 speeiem

219 1699 396 1785 professura
419 1717 491 1763 osse
514 1698 702 1761 existimant.

309 1807 402 1888 Quod
423 1807 557 1893 primum
580 1809 795 1892 argumentum
818 1807 948 1890 attinet,
972 1805 1311 1870 ciaccommodatiouis
1328 1803 1409 1887 dog-

220 1915 352 1980 maticae
385 1921 535 2000 patronos
570 1915 766 2000 quaerimus,
810 1915 992 2000 quibusnam
1026 1913 1223 1998 opinionibus
1260 1911 1405 1975 erroneis

219 2024 312 2090 lesus
336 2023 465 2110 ejusque
487 2024 585 2110 legati
608 2044 680 2089 sese
703 2026 938 2088 accommodare
961 2023 1139 2102 debuerint,
1161 2021 1408 2106 respondebunt,

221 2131 265 2196 iis
277 2133 438 2216 proiecto,
463 2153 541 2215 quae
564 2133 690 2215 penitas
711 2131 898 2196 discentium
919 2134 1029 2198 animis
1051 2131 1250 2211 insederant,
1274 2132 1315 2194 ad
1331 2149 1409 2211 quas

223 2240 365 2323 inprimis
395 2241 553 2324 referunt,
575 2259 655 2323 quae
678 2241 717 2302 de
740 2239 844 2302 diuina
864 2240 998 2304 Messias
1021 2241 1189 2326 digm'tate,
1212 2241 1253 2302 de
1275 2244 1410 2321 peccato

225 2348 386 2434 originali,
410 2349 449 2412 de
471 2348 682 2426 redemtione,
706 2347 744 2410 de
768 2367 936 2431 corporum
958 2349 1207 2429 resurreetione,
1237 2347 1276 2410 de
1305 2349 1411 2408 aeter-

224 2455 274 2519 nis
297 2451 427 2519 alterius
450 2453 532 2520 vitae
563 2455 695 2538 poenis,
724 2455 833 2519 aliisve
862 2457 1015 2521 doctrinis
1043 2455 1160 2522 rationi
1190 2453 1351 2538 imperviis
1377 2453 1411 2514 iu

225 2563 267 2632 Ν.
290 2565 328 2630 Τ.
352 2563 510 2650 leguntur.
533 2565 576 2630 st
600 2563 628 2628 si
650 2563 696 2630 ita
717 2585 770 2628 res
800 2585 834 2632 se
864 2565 1011 2650 baberet,
1040 2586 1096 2632 cur
1132 2566 1241 2648 plures
1271 2583 1410 2641 errores,

226 2673 281 2756 qui
302 2672 430 2738 ludaeis
452 2674 487 2738 ia
513 2673 637 2738 deliciis
658 2678 772 2755 erant,
800 2674 1000 2740 nibilominus
1029 2674 1212 2738 refutandos
1236 2672 1412 2756 putarunt?

228 2779 312 2846 Sanc
333 2780 427 2846 lesus
450 2780 581 2867 ejusque
609 2781 721 2868 legati,
750 2783 834 2847 sieut
862 2801 993 2868 regnum
1021 2782 1154 2846 Messias
1184 2800 1254 2844 esse
1283 2783 1412 2842 naturae

224 2889 375 2954 humanae
413 2895 581 2978 negarunt,
624 2909 739 2976 negare
778 2891 872 2956 stiam
910 2892 1088 2974 potuissent
1125 2889 1410 2966 resurrectionem,

226 2995 309 3061 sicut
347 2999 574 3064 observantiam
616 2997 762 3086 legalium
791 2997 1000 3064 Mosaicorum
1031 3019 1093 3063 non
1133 2997 1265 3082 amplius
1301 3015 1412 3058 neces·

225 3105 341 3172 sariam
375 3127 446 3172 esse
483 3107 673 3188 docuerunt,
713 3107 759 3170 sic
794 3107 888 3172 etiam
923 3109 1038 3172 docere
1075 3106 1269 3191 potuissent,
1304 3101 1411 3168 lesum

226 3235 289 3282 neu
328 3235 398 3280 esse
432 3217 495 3282 uisi
524 3217 583 3283 uei
614 3216 767 3302 legatum,
797 3216 881 3280 mont
902 3217 1055 3301 parietem
1085 3213 1304 3280 intermedium
1329 3212 1413 3276 iuter

225 3322 363 3388 ludaeos
387 3328 419 3388 et
442 3324 600 3405 Gentiles,
623 3324 669 3388 ita
693 3324 857 3408 opiniones
880 3343 1005 3407 quoque
1027 3324 1069 3388 de
1089 3327 1220 3406 peccato
1255 3320 1410 3406 originali,

219 3429 340 3514 jndicio
364 3429 492 3512 ultimo,
521 3431 693 3516 poenisque
724 3434 861 3498 aeternis
884 3433 1018 3516 aliisque
1041 3431 1197 3497 doctrinis
1225 3430 1361 3516 ingratis
1394 3449 1410 3492 e

226 3539 329 3603 medio
352 3540 466 3606 tollere
495 3541 684 3624 potuissent.
709 3543 805 3624 Atqui
833 3543 911 3605 haec
935 3541 1037 3605 omnia
1059 3563 1122 3604 non
1148 3543 1268 3603 tantum
1293 3537 1411 3620 simpli·

226 3645 307 3710 citer
333 3648 539 3732 profitentur,
570 3650 625 3713 sed
649 3651 742 3714 etiam
765 3651 797 3714 in
821 3651 954 3716 diversis
978 3648 1242 3731 circumstantiis,
1276 3647 1330 3710 vel
1352 3665 1412 3709 non

226 3759 390 3840 provocati
413 3757 600 3840 proferunt,
624 3759 803 3840 explicant,
827 3756 1032 3838 confirmant,
1068 3757 1131 3820 imo
1154 3754 1341 3842 gravissime
1364 3753 1410 3815 in·

226 3863 360 3926 calcant
384 3866 448 3944 Qui
468 3866 514 3928 ita
536 3885 571 3928 se
592 3871 729 3951 gerunt,
767 3867 930 3931 manifeste
958 3865 1199 3949 praeseferunt,
1234 3881 1269 3926 sc
1293 3880 1409 3923 summo

224 3971 371 4036 veritatis
393 3973 499 4038 studio
524 3975 617 4056 duci,
648 3980 680 4039 et
710 3995 764 4040 eos
794 3975 917 4039 minimo
941 3993 1033 4052 esse,
1069 3973 1123 4056 qui
1145 3991 1184 4034 ne
1208 3967 1278 4032 aliis
1302 3967 1410 4054 displi-

229 4086 329 4163 ceant,
354 4103 389 4144 se
412 4081 496 4169 adigi
518 4083 685 4168 patiantur,
709 4089 744 4148 ut
767 4083 893 4148 illorum
917 4081 1076 4147 doctrinas
1101 4097 1249 4144 erroneas
1271 4097 1330 4160 pro
1347 4075 1409 4140 suis

225 4191 395 4256 venditent.

220 4327 224 4342 ·
316 4301 407 4380 Quod
431 4301 501 4364 dein
524 4301 708 4383 spectaturi
731 4303 820 4366 locos
844 4300 995 4380 libbeus,
1019 4297 1072 4380 qui
1096 4297 1134 4360 ab
1158 4295 1345 4360 adversariis
1370 4294 1405 4356 de

226 4411 512 4474 accommodatione
547 4411 723 4496 dogmatica
757 4411 952 4494 allegantur,
987 4427 1054 4472 eam
1078 4427 1140 4470 nou
1168 4404 1331 4482 evincunt,
1355 4401 1407 4464 sed

224 4519 331 4600 potius
353 4523 460 4601 aperte
491 4541 554 4584 nou
586 4525 704 4605 agent,
736 4519 801 4584 uisi
835 4520 873 4584 de
908 4514 1194 4593 accommodatione
1225 4509 1338 4576 morali
1360 4507 1406 4571 uel

224 4629 455 4715 paedagogica,
479 4649 570 4714 quam
586 4635 748 4713 utramque
771 4630 833 4712 ipsi
856 4625 1046 4694 adstruimus
1060 4619 1102 4710 ²).
