3112 5284
1227 475 1304 550 ille

533 653 561 720 s.
579 645 639 705 aes.
656 645 760 705 leatus
775 646 902 705 mardos

210 779 350 862 Denique
366 778 394 841 si
411 785 586 862 spectamus
602 783 706 842 textus
722 779 868 857 morales,
893 779 946 860 qui
964 779 1003 841 ob
1020 779 1194 857 maximam,
1212 798 1302 861 quam

9 925 13 962 ι
117 895 266 954 exercent
281 889 313 950 in
327 887 421 950 ritem
443 885 642 950 christianam
660 886 737 965 vim,
760 885 937 970 gravissimi
961 886 1109 950 momenti
1131 891 1222 966 sunt,
1247 905 1303 948 ou-

9 1087 10 1092 ¹
117 997 249 1061 randum
266 998 326 1060 erit
341 997 520 1082 interpreti,

208 1105 240 1169 1.
264 1125 303 1169 ne
318 1107 518 1187 praeceptum
535 1103 652 1168 morale
668 1102 822 1184 declaret,
846 1105 930 1186 quod
953 1125 1014 1167 non
1041 1108 1100 1166 est.
1136 1101 1242 1167 llocoe
1256 1101 1303 1165 ri-
1365 1097 1368 1107 '

114 1212 194 1276 tium
210 1213 429 1292 committeret,
446 1211 474 1275 si
489 1213 530 1296 a)
548 1211 769 1294 dispositiones
786 1211 975 1296 temporales
988 1207 1032 1299 ¹),
1047 1213 1088 1297 b)
1107 1209 1304 1296 praescripta

115 1319 266 1407 liturg-ica
281 1317 331 1407 ²),
354 1325 410 1384 aut
436 1321 476 1405 c)
505 1319 636 1384 consilia
660 1319 836 1404 praeceptis
859 1319 1029 1386 moralibus
1058 1324 1243 1385 accerseret
1259 1318 1301 1407 ⁸).

117 1429 210 1507 Quod
226 1447 265 1490 ne
280 1425 352 1508 liat,
375 1426 436 1511 ipsi
450 1433 515 1491 tum
538 1428 577 1491 ad
601 1427 851 1492 circumstantias
869 1433 902 1492 ct
923 1429 1083 1492 materiam
1100 1429 1300 1506 substratam,

114 1541 180 1600 tum
196 1536 337 1619 inprimis
352 1537 391 1599 ed
406 1535 578 1623 analogiam
593 1533 667 1599 fidei
683 1537 904 1601 attendendum
922 1536 992 1600 erit.

206 1647 238 1710 2.
262 1643 362 1708 Porro
389 1649 588 1728 pracceptum
615 1641 751 1726 morale,
777 1644 816 1707 dc
845 1663 906 1726 quo
935 1662 1039 1706 sermo
1067 1646 1132 1720 est,
1157 1645 1300 1724 exponat,

115 1752 295 1830 ostendens,
319 1751 409 1834 quale
426 1753 478 1834 sit,
502 1753 555 1834 qui
571 1751 633 1816 sint
649 1750 717 1834 ejus
733 1751 865 1830 limites,
888 1768 968 1832 quae
984 1748 1139 1832 ejusdem,
1157 1750 1185 1812 si
1197 1753 1300 1814 textus

9 1839 15 1870 ¹
115 1859 194 1926 talia
209 1858 345 1938 exhibet,
368 1859 484 1925 motiva
500 1865 562 1922 ete.
578 1853 622 1946 t).

204 1969 236 2033 3.
260 1965 465 2030 Utilissimum
481 1986 605 2050 quoque
623 1966 684 2030 erit
699 1987 757 2050 pro
774 1985 849 2048 usu,
866 1967 894 2030 si
910 1965 1066 2050 interpres
1082 1964 1227 2050 indigitet
1248 1985 1300 2028 ra·

113 2076 235 2158 tiones,
260 2075 300 2138 ob
327 2094 405 2158 quas
426 2075 535 2161 regula
555 2073 683 2138 moralis
706 2074 739 2137 iu
761 2073 873 2139 liibliis
900 2075 974 2139 data
997 2075 1039 2138 sit
1061 2079 1186 2156 sancta,
1211 2072 1300 2157 justa

114 2188 148 2247 ct
163 2183 214 2267 pia
230 2184 352 2248 ratione
373 2182 478 2248 habita
505 2183 544 2248 ad
564 2183 678 2266 Deum,
708 2184 747 2246 ad
768 2184 970 2266 semetipsum
995 2187 1027 2247 et
1048 2183 1238 2267 proximum,
1267 2187 1300 2247 et

6 2303 9 2334 n
112 2295 238 2355 moueat
258 2291 296 2354 de
323 2290 534 2370 adminiculis,
559 2291 671 2374 quibus
687 2290 771 2354 illius
794 2290 974 2356 observatio
991 2290 1153 2374 adjuvetur
1168 2284 1211 2378 ⁸).
1235 2291 1298 2355 lta-

111 2400 215 2464 tioncs
231 2419 317 2483 vero,
341 2400 452 2484 quibus
467 2399 576 2486 regula
592 2399 623 2462 in
642 2405 730 2464 textu
746 2399 975 2484 superstruitur
990 2401 1039 2465 vel
1056 2402 1298 2478 commendatur,

5 2599 12 2630 ι
112 2509 151 2573 ab
167 2510 226 2573 bae
243 2527 314 2574 esse
330 2507 580 2594 distinguendas,
604 2514 716 2594 sponte
732 2509 929 2594 intelligitur.

138 2651 164 2718 ¹)
184 2657 401 2719 (isrealiticus,
420 2661 449 2704 ut
468 2657 582 2718 exemplo
600 2661 710 2714 utamur,
737 2670 769 2704 ue
793 2661 916 2705 statutum
939 2657 1046 2706 concllll
1067 2657 1293 2717 Hierosolymllanl

187 2749 243 2795 Act.
262 2748 314 2803 xv,
332 2749 392 2804 20„
411 2759 461 2808 quo
482 2749 633 2809 manslamr,
656 2752 686 2795 ut
702 2750 818 2796 conversi
839 2761 869 2796 ex
887 2746 1031 2796 Gentilibus
1049 2750 1205 2798 obstineant
1228 2760 1259 2795 ae
1279 2763 1296 2795 a

184 2836 451 2886 matutiactiessibaa
464 2837 684 2898 simulacrorum,
703 2861 738 2873 -
751 2840 777 2883 ct
791 2836 931 2897 suffocatis
946 2840 971 2886 ct
984 2839 1136 2900 cosme,
1154 2851 1203 2898 pro
1218 2850 1296 2896 pras·

184 2931 259 2986 cepto
279 2927 370 2974 morali
385 2939 489 2986 semper
507 2927 646 2981 duraturo,
667 2927 714 2974 scd
732 2938 780 2986 pro
799 2927 971 2986 dispositione
992 2928 1125 2988 temporali
1144 2934 1261 2988 exponat.

139 3011 165 3078 ²]
186 3017 388 3077 Quamobrem
406 3029 459 3064 nea
478 3029 526 3076 pro
546 3020 687 3078 praceepte
710 3017 818 3075 morali,
846 3017 893 3064 sed
919 3029 965 3076 pro
988 3020 1149 3079 praescripto
1175 3019 1295 3078 liturgico

183 3106 306 3169 declaret,
325 3110 349 3156 si
366 3110 386 3156 l.
406 3108 468 3157 cer·
487 3108 531 3168 xl,
552 3109 578 3156 8.
599 3120 658 3170 sqq.
679 3107 821 3170 Apostolus
839 3107 920 3154 virum
939 3111 1039 3168 aperto,
1059 3109 1193 3156 mulierem
1211 3112 1295 3157 autem

183 3199 267 3245 relato
287 3199 371 3258 eapite
389 3210 467 3247 erare
482 3198 564 3260 lubet.

138 3281 166 3348 ⁸)
185 3287 246 3335 Pari
263 3290 338 3336 made
356 3289 477 3338 monitum
496 3287 593 3337 causti
610 3287 700 3336 blatta.
720 3289 791 3349 xlx,
811 3289 856 3334 2¹.
877 3289 1040 3336 adolescenti
1071 3290 1178 3336 daturus
1200 3288 1231 3337 si
1255 3291 1296 3338 eis

182 3376 417 3441 persectaacaae,
435 3380 518 3438 acac,
537 3379 635 3433 vende,
655 3391 723 3440 pane
740 3379 831 3435 batem
853 3381 880 3425 ct
898 3378 1123 3440 depauperatus,
1148 3381 1175 3426 ct
1189 3376 1296 3428 babebis

184 3468 344 3516 tilecastrum
361 3468 390 3516 s'ss
409 3470 501 3528 coelo,
519 3481 570 3516 eon
587 3469 621 3516 asi
639 3473 793 3530 praecepta,
819 3469 869 3516 scd
890 3469 923 3516 ad
941 3469 1067 3525 coasilia,
1093 3470 1125 3516 ad
1151 3481 1216 3529 quas
1234 3482 1298 3528 per-

183 3560 266 3616 tinet,
285 3561 393 3608 rslcrat.
432 3559 507 3607 coni.
527 3559 553 3620 s.
575 3560 635 3606 ill.
657 3565 711 3607 not.
731 3562 757 3606 l.

140 3641 165 3708 t)
184 3649 228 3696 Sic
246 3651 273 3696 in
291 3650 461 3711 explicandis,
481 3662 545 3710 quas
564 3650 638 3696 Rom.
655 3649 729 3705 lllll,
751 3653 774 3696 1.
792 3663 847 3710 sqq.
868 3652 1025 3708 occurrunt,
1046 3649 1089 3697 ubl
1108 3649 1248 3698 submissio
1266 3665 1297 3698 ac

183 3739 331 3789 obedientia
355 3739 516 3802 principibus
542 3743 569 3788 ct
591 3741 711 3800 legitimis
739 3740 913 3802 potestatibus
939 3743 1097 3800 praestanda
1127 3743 1297 3804 praecipitur,

184 3831 299 3878 usturam
329 3835 356 3878 ct
379 3829 499 3878 ambitum
523 3831 599 3890 hujus
628 3827 720 3892 aldeli,
749 3833 826 3879 etiam
851 3832 877 3878 lu
903 3831 1063 3878 couscientia
1090 3829 1244 3892 obligantis,
1272 3835 1298 3879 et

186 3923 286 3982 suvia,
306 3933 373 3983 quac
391 3926 478 3970 textus
496 3923 628 3984 mmet,
648 3923 743 3970 motiva
761 3935 891 3984 monere
909 3925 1015 3982 oportet
1032 3923 1209 3983 interpretem.

139 4005 164 4072 ὓ)
183 4013 221 4060 Aul
239 4013 361 4062 meritum
379 4013 527 4071 bomvill,
549 4017 571 4062 l.
590 4027 648 4076 sqq·
668 4013 820 4064 christianis
841 4016 942 4070 mlum,
962 4027 1014 4062 nen
1034 4016 1173 4062 secundnm
1194 4027 1297 4064 carneas

185 4105 233 4152 scd
251 4105 390 4154 secuudum
403 4105 522 4165 spirltum
537 4104 699 4166 ambulandi,
716 4109 816 4154 attento
835 4106 971 4166 interpreti
990 4105 1148 4165 multiplices
1168 4117 1197 4152 se
1213 4104 1298 4172 umiae

184 4196 296 4242 rabones
318 4195 350 4243 ad
367 4195 443 4255 bajus
465 4196 554 4243 moniti
565 4194 691 4254 iustitiam
706 4199 732 4242 ct
746 4197 909 4243 sanctitatem
934 4195 1110 4244 vindicandam
1129 4199 1155 4241 ct
1172 4192 1297 4240 observa·

186 4285 279 4332 tteuem
298 4284 354 4343 ejus
373 4285 539 4344 affluendo·
559 4297 588 4334 se
606 4283 725 4333 ollcrcnt.

486 4425 514 4494 s.
532 4419 592 4480 itt.
610 4419 713 4480 laxius
728 4420 923 4492 omisimus.

200 4553 329 4618 bennum
344 4555 426 4636 qood
442 4555 555 4618 attinet
569 4558 684 4634 tortus,
700 4554 811 4636 quibus
827 4555 964 4636 prudens
980 4553 1092 4640 mendi
1107 4553 1189 4616 ratio
1206 4573 1294 4615 eom·-

118 4661 279 4725 meadatnr
297 4660 337 4746 ¹),
362 4662 593 4728 examinandum
612 4664 686 4745 crit,
704 4684 774 4728 num
790 4663 899 4748 regilla
914 4662 1013 4726 adhue
1030 4661 1171 4726 absolute
1187 4662 1298 4744 valeat,
