3112 5284
233 424 313 499 282

232 621 311 683 quae
327 601 365 664 de
382 599 486 678 dictis,
500 599 593 662 iactis
611 605 642 662 et
654 599 728 662 latis
740 598 815 662 Jcsu
828 597 958 682 ejusque
971 618 1069 684 reguo
1082 599 1242 682 spirituali
1258 602 1422 680 referrent,

231 709 263 770 in
279 710 375 773 rebus
400 707 500 793 gestis
516 727 553 770 ac
570 707 726 772 institutis
742 707 889 791 autiquae
905 706 986 792 legis
1004 707 1106 770 divina
1122 709 1333 793 dispositione
1357 731 1422 773 esse

232 815 458 902 praetigurata3
474 817 567 901 idque
591 835 628 879 eo
645 817 760 902 magis,
787 837 855 878 cum
880 815 963 880 baud
984 835 1057 880 raro
1075 835 1112 881 ex
1135 819 1171 880 Α.
1190 817 1224 881 Ρ.
1242 818 1317 897 alio,
1334 839 1422 902 mam

234 925 286 1008 qui
310 924 373 988 illis
386 925 424 987 ad
441 923 565 987 literam
582 923 756 987 aestimatis
769 911 898 1004 subest,
922 942 1018 987 sensu
1033 924 1072 986 ad
1099 923 1184 988 dicta
1200 946 1260 990 sua
1277 946 1422 1008 compro-

232 1034 332 1098 banda
349 1034 561 1113 adducerent,
586 1036 618 1096 et
641 1032 764 1116 quidem
779 1033 871 1096 modo
889 1031 1032 1118 singulos
1054 1033 1091 1096 A.
1110 1032 1145 1096 F.
1169 1034 1262 1100 locos
1290 1035 1422 1119 mystice
1545 1045 1546 1108 l

233 1147 381 1226 acceptos
401 1141 582 1224 laudantes,
610 1142 703 1205 modo
721 1147 858 1206 veterem
874 1141 977 1227 legem
1001 1141 1174 1228 generatim
1200 1150 1310 1227 typum
1327 1164 1423 1208 novae

234 1249 436 1315 oeconomiae
452 1249 648 1313 declarantes
657 1245 700 1338 ⁸).
724 1249 818 1313 lesus
835 1249 903 1333 ipse
919 1250 1103 1334 frequenter
1118 1272 1180 1314 non
1197 1252 1299 1316 solum
1315 1252 1423 1338 singu·

234 1359 282 1422 las
298 1358 442 1441 antiquae
466 1355 618 1443 legisses
644 1362 676 1420 et
691 1376 844 1441 personas
860 1357 979 1422 diserte
995 1377 1069 1422 suae
1084 1377 1239 1442 personae
1262 1364 1296 1424 et
1310 1359 1423 1423 Eccle-

233 1468 300 1534 siae
316 1463 434 1553 liguras
446 1465 642 1544 declarabat,
671 1467 727 1530 sed
742 1467 917 1552 generatim
933 1467 973 1530 de
988 1486 1103 1530 arcano
1118 1472 1258 1532 ueterum
1276 1468 1423 1550 Scriptu-

231 1597 335 1641 rarum
352 1582 536 1662 argumento
565 1575 610 1638 ita
625 1575 831 1660 loquebatur,
854 1581 890 1639 ut
907 1575 1102 1640 manifestum
1119 1575 1178 1654 sit,
1202 1577 1304 1660 ipsum
1334 1578 1425 1640 insti·

231 1693 301 1751 tuta
323 1691 355 1749 et
368 1689 498 1750 eventus
514 1684 546 1747 in
562 1683 602 1747 iis
618 1683 822 1770 consignatos
837 1684 936 1748 sortis
951 1703 1026 1748 snae
1042 1689 1074 1748 ct
1089 1705 1187 1748 norae
1200 1685 1314 1750 salutis
1330 1705 1424 1750 oeco-

234 1795 355 1860 nomiae
371 1799 466 1879 typos
480 1791 629 1857 babuisse
641 1791 686 1880 ⁸).
710 1793 770 1856 Ast
787 1813 849 1857 nou
865 1793 967 1858 solum
987 1792 1106 1878 scripta
1122 1795 1160 1857 A.
1177 1794 1213 1858 ll.
1230 1795 1268 1858 ab
1281 1796 1425 1878 Aposto-

230 1904 273 1968 lis
292 1909 324 1968 et
341 1902 507 1966 Salvatore
523 1901 594 1983 ipso
617 1900 752 1984 mystice
780 1900 922 1984 exposite
937 1919 1059 1964 sensum
1083 1901 1248 1985 mysticum
1275 1923 1424 1984 compro·
1546 1885 1547 1940 Ὗ

232 2009 323 2093 baut,
352 2012 407 2074 sed
431 2011 523 2074 etiam
543 2007 644 2072 effatis
670 2008 711 2072 N.
733 2009 771 2072 Τ.
800 2013 928 2092 praeter
952 2008 1076 2072 obvium
1103 2027 1227 2073 sensum
1255 2009 1424 2087 literalem,

228 2119 333 2184 verbis
350 2119 489 2202 proxime
506 2137 696 2200 expressum,
714 2115 937 2196 sublimiorem,
954 2116 1007 2202 qni
1023 2117 1061 2180 ad
1077 2117 1299 2182 liedemtorem
1317 2118 1426 2202 ejusve

229 2228 387 2304 instituta,
403 2223 554 2291 beneficia
570 2247 606 2289 ac
622 2224 779 2309 promissa
794 2225 942 2308 pertinet,
955 2224 1059 2290 divina
1073 2225 1264 2290 auctoritate
1281 2227 1425 2309 adserip-

229 2342 295 2401 tum
323 2331 512 2418 videmos').
536 2334 678 2415 Denique
700 2339 827 2417 praeter
841 2331 978 2419 ligures,
1005 2334 1118 2418 quibus
1142 2355 1195 2398 res
1210 2333 1424 2413 sublimiores,

231 2464 311 2530 quae
326 2446 364 2507 ad
382 2443 542 2506 Cbristum
559 2441 689 2524 ejusque
704 2441 877 2506 Ecclesiam
902 2442 951 2506 luis
968 2441 1111 2508 interris
1127 2443 1314 2508 militantem
1331 2464 1424 2527 spec-
1547 2489 1548 2536 t

228 2559 308 2634 tant,
325 2553 545 2638 designantur,
562 2551 593 2614 in
609 2550 774 2635 utriusque
790 2551 941 2616 Foederis
957 2551 1079 2638 paginis
1095 2552 1207 2616 adsunt
1223 2551 1321 2632 aliae,
1346 2573 1424 2636 quae

229 2661 351 2728 curisti
366 2660 538 2725 Ecclesiam
555 2659 586 2722 in
604 2659 735 2726 coelesti
750 2659 853 2744 patria
867 2659 1108 2745 triumphantem
1126 2669 1159 2724 et
1174 2659 1360 2726 felicitatem
1376 2661 1424 2724 al-

231 2772 333 2836 terius
348 2772 431 2836 vitae
447 2769 647 2856 praesagiunt
653 2767 698 2857 ⁸).

319 2881 387 2946 Nec
404 2879 525 2958 obstat,
550 2880 634 2964 quod
651 2898 877 2960 nonnumquam
885 2877 1043 2960 l’r0pbeta
1055 2878 1240 2942 relationem
1256 2879 1342 2942 iuter
1358 2899 1425 2956 res,

232 3009 309 3075 quas
324 2989 428 3053 verbis
445 2989 511 3051 suis
528 2987 704 3071 eloquitur,
721 2992 753 3052 et
768 2987 852 3050 iuter
868 3007 920 3052 res
937 2987 1158 3064 sublimiores,
1175 3007 1254 3071 qnae
1270 2989 1309 3052 ad
1327 2987 1425 3052 Obri-

230 3105 312 3163 stum
329 3103 424 3181 atque
441 3096 574 3161 salutem
590 3096 629 3160 ab
646 3115 684 3159 eo
701 3095 912 3160 adducendam
934 3101 1102 3180 spectant,
1124 3093 1354 3181 praeligumtas
1370 3103 1424 3159 aut

230 3205 354 3272 omniuo
371 3226 451 3284 nou,
468 3213 522 3268 aut
538 3225 600 3267 uon
616 3203 757 3288 perlecta
773 3204 966 3289 cognoverit.
986 3205 1104 3268 Sensus
1120 3204 1248 3288 typicus
1263 3203 1426 3268 nibilomi-

230 3335 289 3379 nus
305 3312 505 3398 ecoipiendus
521 3318 586 3394 est,
610 3332 702 3396 quam
718 3311 851 3394 primum
866 3311 1049 3376 testimonio
1074 3311 1196 3376 divinae
1221 3312 1425 3375 auctoritatis

230 3423 384 3488 certiores
400 3422 582 3502 reddimur,
605 3441 675 3486 eum
691 3441 710 3484 a
726 3419 850 3504 Spiritu
866 3439 892 3484 s.
909 3420 1008 3484 luisse
1024 3421 1187 3484 intentum.
1215 3419 1250 3482 lu
1266 3420 1425 3504 ejusmodi

232 3549 308 3595 casu
323 3531 491 3594 discrimen
508 3531 611 3594 locum
627 3529 738 3608 babet,
755 3530 839 3612 quod
855 3528 964 3613 plures
979 3529 1169 3612 interpretes
1186 3529 1271 3591 iuter
1286 3549 1424 3605 sensum,

229 3644 266 3702 ut
280 3643 394 3702 vocant
406 3681 418 3718 ,
431 3640 658 3725 subjectiorem,
674 3638 729 3722 qui
744 3638 843 3702 menti
857 3639 1035 3720 Prophetae
1052 3637 1247 3716 obversatur,
1264 3644 1297 3701 et
1312 3639 1424 3723 objec-

230 3749 343 3828 tiocm,
360 3747 413 3829 qui
429 3768 447 3811 a
461 3746 529 3810 Deo
545 3746 703 3812 revelante
718 3746 901 3832 intenditur,
917 3747 1114 3810 statuendum
1132 3765 1202 3810 esse
1218 3743 1379 3831 putaut⁸).

321 3858 355 3922 d.
378 3855 582 3920 Testimouiis
604 3855 702 3939 ipsius
719 3855 906 3939 Scripturas
934 3854 1057 3924 accedit
1078 3853 1296 3940 Magisterium
1311 3853 1426 3916 Eccle-

231 3963 307 4042 siae,
324 3973 404 4046 quae
421 3981 546 4024 sensum
558 3962 724 4046 mysticum
744 3982 869 4046 semper
878 3961 1017 4046 amplexa
1033 3967 1093 4026 est.
1116 3959 1209 4024 licet
1225 3960 1306 4024 euim
1324 3961 1426 4024 inter·

231 4070 440 4156 pretationem
452 4071 614 4156 mysticam
625 4091 781 4156 uunquam
795 4071 914 4136 diserta
926 4071 1086 4136 decisione
1098 4069 1280 4150 sanciverit,
1297 4070 1425 4152 saepius

231 4188 335 4245 tamen
351 4185 416 4243 tum
433 4178 465 4240 iu
482 4179 620 4243 decretis
633 4177 857 4258 Consiliorum,
875 4183 940 4242 tum
957 4178 988 4242 in
1004 4177 1096 4242 libris
1107 4177 1265 4264 liturgicis
1283 4199 1337 4242 res
1354 4199 1425 4242 ver·

230 4290 280 4352 bis
297 4288 482 4370 Scripturas
495 4287 635 4370 proxime
646 4285 839 4374 significatas
855 4293 919 4351 tam
935 4287 1101 4370 perspicue
1114 4307 1172 4349 ceu
1183 4283 1302 4372 ligures
1318 4307 1426 4350 rerum

232 4398 471 4462 christianarum
488 4398 637 4479 adducit,
659 4403 693 4460 ut
709 4397 904 4461 manifestum
921 4396 974 4478 sit,
991 4395 1021 4460 ei
1036 4396 1075 4458 de
1092 4415 1186 4460 seusu
1203 4393 1360 4477 ejusmodi
1375 4395 1425 4458 lo-

233 4529 340 4570 corum
357 4505 533 4570 sublimiori
548 4525 732 4590 persuasum
750 4526 830 4570 esse.
853 4505 1003 4584 Accedit,
1026 4509 1154 4568 sanctos
1167 4507 1280 4568 Patres
1296 4505 1348 4570 vix
1364 4526 1425 4566 nou

233 4635 339 4678 omnes
355 4616 460 4682 sensui
487 4616 620 4701 mystico
650 4615 839 4700 explorando
862 4615 932 4697 plus
964 4615 1102 4678 minusve
1124 4635 1252 4697 operam
1281 4615 1427 4690 dcdisse;
