3092 5286
1248 519 1331 594 *165

230 701 261 762 o.
286 698 377 774 Quod
402 699 434 760 in
461 697 563 762 altero
593 697 746 779 positive,
771 698 802 759 in
831 697 931 760 altero
961 699 1103 782 negative
1132 697 1331 780 proponitur.

138 809 207 882 Quo
241 805 334 868 etiam
366 805 490 889 spectat
520 804 623 887 ratio,
664 825 725 887 qua
756 805 843 868 notio
876 807 983 868 eadem
1015 804 1135 866 duabus
1168 803 1332 867 sententiis

141 912 312 977 contrariis
328 911 459 977 elsertnr
471 911 513 999 ⁸).

134 1106 137 1110 ·
227 1021 274 1082 Ex
288 1020 337 1082 bis
355 1043 448 1101 vero,
473 1043 552 1106 qnae
569 1044 606 1086 ex
622 1021 764 1104 plurimis
781 1020 851 1083 aliis
867 1020 934 1084 fere
951 1019 1084 1104 exempli
1100 1040 1194 1083 causa
1209 1023 1330 1082 tantum

138 1127 305 1191 adduxisse
322 1129 468 1213 sufficiat,
493 1131 584 1194 simul
600 1131 691 1194 facile
709 1128 907 1213 intelligitur,
926 1149 982 1191 cur
1001 1133 1032 1191 et
1049 1129 1203 1212 quomodo
1229 1128 1329 1191 inter·

139 1238 277 1318 pretatio
300 1237 415 1300 biblica
436 1239 647 1322 parallelismo
675 1240 883 1303 membrorum
909 1237 1082 1320 adjuvetur.
1117 1237 1240 1300 Etenim
1257 1235 1330 1320 quia

141 1365 179 1408 ea
196 1349 245 1408 est
261 1344 354 1428 hujus
380 1347 582 1430 parallelismi
601 1349 739 1432 indoles,
764 1355 799 1410 ut
827 1349 933 1412 eadem
958 1345 1113 1410 sententia
1129 1345 1277 1428 primerio
1297 1345 1329 1408 in

133 1453 268 1538 singulis
296 1455 442 1518 membris
468 1457 630 1540 parallelis
657 1457 781 1522 diverso
811 1458 903 1520 modo
934 1453 1099 1532 efferatur,
1131 1475 1191 1517 non
1219 1458 1327 1536 potest

132 1583 195 1624 non
213 1559 298 1644 lierI,
324 1564 396 1645 quin
412 1565 489 1629 haec
510 1567 649 1630 membra
664 1571 770 1630 mutuo
788 1585 823 1629 se
840 1565 1005 1647 explicent.
1030 1567 1134 1642 Quare
1162 1583 1221 1644 pro
1248 1561 1321 1624 ber·

133 1671 312 1735 menentico
336 1673 539 1754 parallelismi
564 1680 630 1737 tum
657 1674 828 1758 syntbetici
855 1679 921 1736 tum
937 1671 1116 1736 antithetici
1131 1692 1190 1733 usu
1206 1671 1237 1733 ia
1254 1672 1326 1733 uni-

133 1800 261 1842 versum
288 1787 375 1845 recte
403 1783 553 1846 statuitur
580 1783 690 1868 regula
717 1784 812 1846 haee:
844 1785 900 1860 ld,
933 1781 1033 1863 quod
1061 1780 1326 1862 perspicuum,

134 1889 344 1952 delinitum
371 1911 414 1954 au
444 1897 588 1954 certum
616 1897 692 1972 est,
724 1911 856 1954 norma
882 1890 1075 1954 habeatur
1102 1888 1326 1970 explicandi

133 2017 193 2078 ea,
227 2017 323 2078 quae
352 1998 536 2077 obseura,
568 2000 724 2063 ineerta
751 2003 789 2062 et
814 2019 910 2084 vaga
936 2002 1036 2060 sunt.
1075 1995 1118 2060 Ut
1144 2018 1219 2060 vero
1247 1997 1325 2059 baec

131 2109 243 2194 regula
270 2111 309 2173 ad
335 2109 457 2194 singula
485 2107 687 2192 parallelismi
715 2107 852 2192 membra
880 2106 1060 2188 explicanda
1086 2106 1147 2168 rite
1175 2103 1326 2186 applicari

130 2217 245 2300 possit,
266 2219 327 2281 duo
345 2238 437 2280 casus
452 2218 551 2300 probe
568 2217 705 2282 discerni
721 2219 844 2280 debent.
868 2218 931 2278 Aut
948 2216 1027 2279 enim
1044 2235 1137 2278 unum
1154 2213 1324 2276 membrum

125 2326 332 2418 perspicuum
356 2347 393 2389 ac
416 2332 536 2389 eertum
559 2333 623 2408 est,
646 2331 721 2390 tunc
743 2346 851 2389 norma
874 2326 916 2388 sit
936 2323 1109 2408 explicandi
1126 2322 1257 2386 alterum
1274 2322 1324 2386 vel

132 2439 274 2515 caetera,
299 2439 352 2497 aut
379 2435 503 2520 singula
523 2437 660 2500 membra
683 2437 728 2498 ita
751 2441 931 2516 comparata
954 2439 1043 2512 sunt,
1067 2438 1102 2494 ut
1124 2431 1241 2494 nullum
1266 2451 1323 2514 per

131 2560 166 2602 se
188 2547 240 2606 sat
262 2543 378 2604 clarum
401 2543 461 2622 sit,
492 2548 568 2606 tunc
592 2542 724 2628 singulis
754 2543 900 2607 membris
924 2542 1092 2626 diligenter
1115 2540 1323 2604 consideratis

129 2671 166 2712 ac
183 2650 267 2712 inter
283 2670 317 2714 se
335 2650 459 2714 collatis
476 2653 652 2733 quaerenda
673 2657 721 2714 cst
743 2651 929 2713 universalis
958 2647 1112 2712 sententia
1134 2669 1152 2710 a
1174 2649 1322 2732 loquente

132 2761 288 2839 spectata,
314 2758 364 2820 oui
386 2757 542 2839 interpres
565 2764 709 2839 tunquam
726 2757 924 2830 fundamento
942 2757 1083 2837 insistat,
1108 2777 1227 2839 ponens
1244 2757 1323 2820 lianc

133 2865 337 2928 universalem
360 2866 503 2929 notitiam
526 2886 583 2949 pro
608 2885 732 2944 norma,
757 2885 847 2946 quam
872 2865 903 2926 in
928 2865 1057 2949 singulis
1076 2866 1222 2927 membris
1241 2866 1322 2928 ulte-

130 2973 197 3034 rius
212 2973 418 3036 dilncidandis
434 2979 594 3057 sequatur.
626 2972 707 3050 Quia
728 2994 803 3036 vero
822 2973 872 3034 vel
887 2973 983 3035 vcrba
1003 2979 1035 3036 et
1060 2974 1321 3050 constructiones,

130 3083 180 3144 vel
196 3104 249 3146 res
271 3089 303 3146 et
327 3083 502 3147 sententiae
525 3088 613 3162 sunt,
638 3103 656 3145 a
679 3083 792 3164 quibus
814 3083 873 3144 hac
896 3083 1020 3146 ratione
1045 3083 1236 3161 obscuritas,
1262 3105 1321 3165 qua

129 3191 284 3270 laborant,
301 3200 510 3271 removeatur,
528 3211 603 3255 usus
620 3191 823 3273 parallelismi
839 3191 1046 3254 membrorum
1062 3190 1320 3280 philolopiouffl)

130 3309 162 3363 et
177 3285 356 3366 distortores
370 3296 414 3385 ¹⁰)
430 3299 644 3386 distinguitur.

218 3407 364 3486 Quamvis
380 3415 482 3472 antem
499 3407 590 3488 buius
607 3409 741 3473 subsidii
757 3429 849 3486 usus,
867 3408 1016 3490 ¹inprimis
1038 3411 1070 3472 in
1094 3411 1131 3472 Α.
1155 3410 1193 3471 Τ.
1220 3409 1320 3492 expli-

130 3520 246 3596 cando,
269 3518 313 3580 sit
334 3518 622 3602 frequentissimus,
646 3519 678 3580 in
702 3539 739 3582 eo
762 3525 865 3582 tamen
882 3518 1056 3582 adhibendo
1074 3519 1203 3601 provide
1220 3518 1319 3582 inter·

127 3645 202 3708 pres
213 3625 380 3705 ¹versetur,
402 3627 476 3708 quia
492 3645 586 3709 saepe
602 3649 664 3690 non
681 3646 812 3709 prorsus
829 3627 929 3706 idem,
956 3629 1011 3690 sed
1027 3627 1184 3709 paululum
1207 3627 1319 3690 immu-

125 3740 213 3799 tatus
229 3755 340 3798 sensns
357 3735 488 3821 singulis
504 3737 651 3801 membris
668 3738 793 3816 subest,
818 3737 863 3800 ita
887 3741 922 3798 ut
944 3737 1145 3828 strictissime
1169 3737 1318 3820 parallela

127 3866 190 3907 non
214 3843 290 3908 sint.
324 3845 501 3908 Cavendum
525 3844 630 3929 itaque
653 3851 718 3924 est,
743 3869 782 3908 ne
807 3851 860 3909 aut
883 3845 970 3908 illius
986 3843 1137 3931 suffragio
1155 3848 1223 3909 siue
1241 3869 1318 3909 con-

125 3971 220 4014 sensu
236 3951 368 4015 aliorum
393 3953 527 4016 fontium
543 3955 702 4018 certitudo
719 3954 896 4032 tribuatur,
921 3960 975 4016 ant
1005 3975 1041 4016 ex
1057 3955 1157 4018 altero
1175 3955 1315 4018 membro

128 4060 224 4124 alteri
240 4061 413 4142 perfectior
427 4061 477 4124 vel
493 4063 628 4142 tenuior,
649 4063 699 4126 vel
715 4063 878 4126 alienatio
899 4063 1093 4126 sententiave
1110 4065 1318 4142 adscribatur,

125 4189 219 4254 quam
237 4187 315 4250 quae
333 4169 362 4231 ei
377 4191 488 4233 revera
505 4173 664 4253 competit.

150 4365 174 4431 ²)
196 4370 269 4429 Quod
287 4373 365 4430 vulgo
385 4373 480 4418 addunt
501 4385 582 4432 genus
604 4387 768 4434 synonymum
785 4375 872 4435 (liob.
888 4377 1012 4432 howtb‚
1033 4377 1071 4422 De
1092 4377 1166 4434 poesi
1185 4375 1317 4420 Hebraeo-

196 4473 252 4508 rum
272 4474 349 4509 secra
366 4463 390 4522 s.
408 4467 450 4510 31.
471 4468 522 4510 not.
540 4467 565 4511 2.
586 4467 723 4520 laudatus,
743 4465 791 4511 do.
808 4467 904 4524 daha,
924 4468 1111 4524 Archccolugia
1139 4466 1202 4512 bibi.
1227 4465 1252 4524 S.
1271 4468 1315 4512 91.

198 4553 223 4598 J.
246 4553 276 4598 ii.
297 4555 388 4600 Parr
400 4569 413 4599 e
425 4569 440 4601 a
451 4566 482 4613 u,
513 4557 643 4602 Institutio
664 4559 813 4614 interpretis
831 4559 862 4602 V.
879 4557 907 4602 Τ.
923 4557 993 4603 Part.
1007 4557 1052 4602 iii.
1075 4557 1145 4604 Soet.
1166 4558 1186 4602 l.
1207 4568 1231 4602 e.
1253 4558 1275 4602 l.
1291 4562 1317 4603 et

197 4643 252 4702 elii)
281 4645 381 4691 ratione
409 4646 493 4693 habita
513 4650 619 4693 nostras
647 4645 801 4694 definitionis
828 4649 860 4694 sd
888 4659 968 4705 genus
998 4647 1170 4704 spnlbetioum
1197 4645 1317 4694 releren-

198 4735 257 4780 dum
284 4738 333 4782 est.
