3118 5282
265 437 343 512 402

258 615 366 699 oliuae
388 613 466 677 benc
491 615 715 698 apamensi,
740 613 908 676 carendum
930 616 1034 676 umen
1058 615 1124 691 est,
1154 631 1194 676 ne
1217 611 1283 696 quis
1305 613 1419 678 stuliun

261 741 350 784 suum
374 721 414 784 ad
436 740 543 784 omues
566 721 734 784 extendere
755 719 843 800 velit,
867 720 951 806 qnod
973 718 1044 784 lieri
1066 741 1168 805 neque
1183 722 1319 801 deberet,
1339 741 1422 807 neque

264 835 375 913 posset
389 827 437 914 ⁸).

351 938 383 1002 la.
408 936 443 1000 ln
477 937 676 1002 eoniereudis
709 955 785 1001 vcro
820 937 1033 1020 compluribus
1067 937 1293 1022 interpretibus
1324 937 1426 1002 tirones

263 1047 409 1110 smdesnt
429 1043 622 1132 singulorum
645 1045 831 1130 praecipuas
852 1046 986 1110 virtutes
1008 1051 1041 1109 et
1061 1046 1251 1110 notabiliora
1272 1047 1344 1110 vitia
1362 1066 1424 1130 cog·

263 1173 407 1233 noscere,
430 1159 466 1218 ut
489 1173 545 1218 eos
567 1154 734 1220 cumulant
755 1155 788 1218 iu
815 1154 872 1234 iis,
895 1154 929 1216 in
952 1155 1065 1236 quibus
1088 1153 1244 1234 eminent,
1266 1153 1297 1217 in
1319 1152 1427 1234 reliquis

261 1273 338 1327 v‘ero
354 1261 572 1327 consiliumne
588 1264 762 1347 exemplum
777 1264 817 1327 ab
839 1263 879 1326 iis
902 1284 964 1328 non
985 1267 1093 1346 petant
1115 1261 1159 1350 ¹).
1183 1263 1219 1326 ln
1242 1263 1348 1345 quibus
1366 1282 1426 1323 vero

266 1371 361 1452 obvii,
383 1371 438 1454 qui
463 1371 495 1434 in
517 1391 608 1436 usum
632 1372 836 1452 adhibentur,
865 1379 1014 1437 auctores
1040 1372 1177 1436 eminere
1205 1371 1347 1436 censendi
1370 1371 1428 1446 sint,

264 1480 348 1546 baud
363 1480 441 1546 adeo
465 1477 595 1546 dillicile
620 1501 638 1544 e
664 1481 846 1564 praemissis
873 1501 985 1546 sensus
1012 1479 1194 1564 explorandi
1217 1501 1254 1544 ac
1281 1473 1429 1563 exponendi

265 1588 385 1676 regulis
400 1588 631 1672 dijudicandum
647 1589 719 1672 erit,
742 1590 771 1652 si
793 1589 920 1673 aliquod
936 1590 1120 1654 exercitium
1143 1593 1176 1654 et
1198 1589 1304 1673 aliqua
1325 1605 1427 1668 compa·

263 1698 347 1762 ratio
369 1698 501 1762 alterium
523 1699 764 1781 praestantioris
778 1699 962 1784 interpretis
977 1697 1158 1763 accesserit.
1181 1692 1323 1761 Aliorum
1336 1701 1429 1776 umen,

264 1825 344 1890 quac
367 1808 407 1871 de
440 1805 589 1892 operibus
623 1809 815 1895 exegeticis,
853 1808 1039 1893 praeprimis
1072 1807 1107 1869 in
1138 1805 1379 1892 ephemeridbus
1406 1805 1430 1863 ei

265 1913 394 2000 scriptis
417 1915 587 1998 periodieis
614 1915 818 2000 proferuntur
847 1916 1001 2000 censuris,
1035 1937 1098 1979 nou
1129 1935 1256 1998 semper
1285 1913 1328 1977 ita
1357 1908 1430 1974 iacile

266 2023 346 2090 lidae
370 2029 419 2090 est
441 2025 592 2092 babendo.

358 2133 391 2199 5.
413 2133 561 2198 Proderit
583 2153 707 2218 quoque
730 2140 856 2201 notatos
883 2134 1000 2199 babere
1029 2134 1120 2198 locos
1142 2153 1169 2196 s.
1192 2133 1374 2216 Scripturas
1397 2125 1432 2188 sie

268 2240 372 2306 dictos
393 2247 531 2321 vmtos,
554 2243 608 2325 qui
631 2243 827 2327 expositione
850 2243 985 2307 nondum
1009 2243 1047 2305 ad
1070 2241 1221 2326 liquidum
1245 2241 1388 2326 perducta
1408 2234 1431 2296 it

266 2347 371 2412 varias
402 2350 575 2414 sententias
604 2353 783 2415 trabuntur.
834 2351 956 2416 Etenim
995 2371 1088 2433 quum
1124 2349 1283 2433 ejusmodi
1315 2348 1432 2412 locorum

265 2456 556 2538 interpretationem
571 2459 605 2521 in
621 2457 863 2541 Commentario,
886 2461 940 2542 qui
955 2459 1014 2524 tibi
1029 2461 1061 2522 in
1077 2479 1185 2522 manus
1200 2459 1333 2536 venerit,
1347 2456 1429 2536 inpe-

265 2565 361 2644 xeris,
383 2585 455 2630 mox
476 2565 608 2649 patebit,
632 2587 705 2631 num
719 2567 794 2650 quid
817 2569 889 2632 novi
911 2567 1038 2651 exejus
1065 2567 1172 2632 labore
1194 2568 1382 2652 sperandum,
1400 2577 1428 2621 tt

268 2673 463 2758 antiquiores
484 2681 605 2740 tantum
627 2676 832 2760 excerpserit,
854 2697 893 2740 au
908 2673 1112 2741 difficultates
1127 2677 1265 2740 intactas
1281 2668 1432 2755 reliquerit,

269 2789 302 2848 et
324 2803 404 2868 qnae
419 2789 492 2848 sunt
505 2784 568 2848 alia
582 2784 674 2868 hujus
688 2785 825 2870 generis.

359 2893 391 2958 6.
415 2892 517 2955 Etiam
539 2893 781 2982 mnacgrapbiae
796 2911 875 2976 quas
891 2893 1009 2970 dieunt,
1026 2911 1083 2956 seu
1098 2896 1257 2955 maenius
1274 2890 1313 2955 de
1327 2883 1436 2971 singulis

269 2999 451 3083 quibusdam
481 3000 562 3065 locis
585 3021 623 3066 eo
645 3001 757 3085 majori
780 3021 849 3064 cum
871 3001 977 3065 iructu
999 3001 1157 3086 leguntur,
1180 3019 1245 3082 quo
1269 2987 1437 3062 accuratiori

271 3111 403 3175 examini
417 3111 449 3173 in
464 3111 504 3174 iis
521 3113 622 3178 omnia
638 3113 863 3197 subjiciuntur,
888 3118 921 3176 et
943 3131 1005 3194 quo
1029 3110 1210 3198 diligentius
1234 3107 1356 3195 singula
1376 3123 1437 3168 oon·

273 3219 451 3284 siderentur
473 3218 515 3308 ⁶).

299 3377 324 3447 ¹)
342 3383 394 3432 Pro
412 3385 476 3434 duos
488 3388 521 3434 sd
539 3388 776 3447 interpretationem
788 3387 926 3436 universae
946 3400 968 3434 s.
990 3386 1171 3446 Scripturaes
1195 3384 1325 3442 theologis
1345 3373 1437 3426 eatboli·

344 3478 382 3524 ois
400 3479 512 3525 caeteris
528 3478 644 3526 omnibus
662 3479 848 3539 praeterendus
871 3479 973 3525 ridetur
991 3478 1068 3537 Aug.
1089 3477 1229 3524 calmeti
1249 3467 1438 3523 commentarius

344 3569 370 3614 in
390 3581 477 3616 omnes
493 3569 523 3616 V.
538 3572 564 3617 et
580 3569 612 3616 it.
625 3571 655 3617 n.
676 3569 774 3626 libros,
792 3569 835 3618 rei
851 3573 990 3629 propterea
1010 3566 1243 3626 commendandus,
1263 3565 1324 3624 quis
1339 3560 1438 3608 diverat

343 3657 516 3718 antiquiorum
535 3663 562 3708 et
581 3660 753 3708 recentiorum
769 3659 999 3720 interpretationes
1018 3657 1143 3704 collectas
1171 3655 1290 3715 exbibet,
1316 3663 1364 3712 quo
1384 3647 1439 3694 tiro-

344 3748 421 3796 nibus
438 3753 543 3800 occasio
566 3753 726 3814 prsebetur,
753 3752 858 3800 divorsa
879 3763 958 3800 sensa
978 3749 1153 3802 eruditorum,
1173 3747 1291 3806 inprimis
1309 3743 1438 3790 sensurus

343 3837 445 3886 Petrum
464 3845 655 3906 cognoscendi,
681 3845 772 3904 sicque
793 3841 1035 3902 interpretationem
1061 3839 1174 3887 caeteris
1197 3835 1388 3898 praeterendum
1403 3836 1440 3872 ¹¹¹⁰

341 3929 440 3989 iudicio
453 3932 592 3992 deligendi.
610 3935 640 3981 iii
654 3937 755 3982 ratione
770 3934 971 3994 Evangeliorum
986 3937 1011 3980 J.
1024 3929 1220 3988 Maidonati,
1239 3928 1343 3974 ratione
1358 3919 1439 3978 epistt·

343 4021 425 4068 mum
443 4022 469 4069 J.
489 4021 583 4069 bistii
607 4028 633 4072 et
657 4023 855 4072 Bernardini
873 4037 888 4072 u
906 4022 1045 4070 Picenio
1065 4018 1267 4068 Commentarios
1287 4001 1440 4074 inungimus·

345 4109 464 4172 Goniss.
477 4111 541 4159 2³7.
564 4117 619 4160 not.
641 4114 667 4160 i.
691 4118 717 4162 et
736 4115 762 4164 5.
789 4114 838 4173 Qui
851 4116 957 4160 nostrae
975 4113 1068 4158 aetatis
1083 4109 1187 4158 iuberes
1202 4105 1362 4168 praeierunt,
1378 4096 1440 4145 etlam

346 4213 412 4261 opus
431 4202 594 4250 emendatius
619 4202 716 4252 insin
741 4205 888 4256 versasse,
916 4203 1072 4263 praesertim
1092 4201 1117 4248 si
1143 4198 1240 4246 inerint
1267 4183 1441 4242 exercitatori!

341 4290 448 4352 judieii,
466 4294 581 4353 deligere
600 4298 721 4353 possunt.

299 4374 326 4444 ²)
346 4381 459 4441 „Nullus
477 4384 663 4444 interpretum,
681 4385 717 4434 alt
732 4386 765 4432 ol.
786 4386 870 4433 Jabn
889 4386 916 4430 in
935 4383 1084 4432 enchiridio
1105 4381 1186 4428 berm.
1202 4391 1227 4438 p.
1248 4375 1312 4423 155.
1331 4375 1441 4428 nundum

345 4471 463 4528 peceat.”

302 4555 327 4621 8)
348 4561 510 4621 nnttquinres
528 4567 596 4625 quod
619 4566 727 4626 attinet,
744 4568 853 4627 primurn
872 4567 989 4626 proiecto
1008 4561 1156 4612 conterendi
1177 4561 1235 4606 sunt
1255 4546 1339 4603 saneti
1354 4551 1438 4598 annes.

346 4653 483 4712 praecipue
498 4655 534 4710 ii,
555 4656 597 4714 qui
613 4655 736 4706 literalem
757 4659 993 4718 interpretationem
1010 4653 1151 4702 consectati
1173 4651 1241 4704 sunt,
1263 4647 1301 4692 nti
1318 4657 1340 4691 s.
1352 4639 1438 4691 Chri·
