3118 5282
1215 419 1295 502 aar

98 589 104 600 ’
177 609 248 653 notat
275 605 388 652 Verbum
419 606 556 652 aeternum
585 617 618 650 oc
646 593 841 666 hypostaticam
874 615 920 650 seu
953 596 1049 652 rreum
1075 595 1130 652 bet.
1170 597 1293 654 elutior

178 687 201 742 si
229 695 296 742 ldens
318 693 476 742 castallo
502 694 559 742 Act.
587 692 639 750 xx,
659 693 703 738 28.
736 687 878 759 Προςέχιτι
902 679 1133 750 instaurasset
1157 693 1234 744 παντὶ
1256 693 1294 760 τῷ

179 783 307 850 ποιμνίῳ,
330 777 356 831 ἐν
382 773 494 854 diripite
511 779 540 830 τὰ
566 781 668 848 πνεῦμα
690 780 719 830 τὸ
747 777 822 847 ἅγιον
841 777 915 830 ἔθετο
946 777 1118 841 ἐπισκόπους,
1147 782 1293 849 ποιμαίνειν

178 874 226 932 τὴν
248 869 389 931 ἐκκλησίαν
418 863 534 930 sistite,
558 875 656 921 vertite
686 873 793 934 „Qum
812 873 844 922 ob
873 888 931 922 rem
954 877 1047 922 nancte
1067 877 1093 921 ct
1111 873 1184 924 cobis
1203 868 1296 924 ettoti

180 966 263 1024 oetlt,
290 965 335 1012 cai
361 971 409 1012 coe
441 967 550 1012 sanctus
580 963 702 1028 Spiritus
726 964 875 1026 proposuit
898 967 1036 1022 custodes,
1058 968 1089 1012 ast
1107 965 1157 1014 nes·
1173 967 1293 1030 paaeete't

176 1055 364 1115 Ecclesiam,”
384 1056 521 1103 traudatio
540 1055 670 1102 reddendo
690 1049 850 1108 ἐπισκόπους
869 1060 916 1114 par
939 1058 1060 1104 custodes
1079 1069 1129 1102 non
1149 1057 1297 1117 assequitur

176 1149 278 1204 plenum
293 1157 414 1203 sensum,
434 1145 477 1204 qul
495 1157 544 1190 usu
565 1145 674 1190 solemni
692 1145 752 1191 inde
769 1144 801 1190 ob
820 1145 952 1206 apostolis
972 1147 1090 1194 derivato
1114 1147 1141 1192 ln
1163 1145 1299 1206 Scriptura

177 1242 203 1283 et
219 1237 334 1284 Ecclesia
352 1236 477 1282 calholica
496 1236 532 1282 illl
549 1236 712 1294 expressioni
727 1237 876 1296 respondet.

651 1413 676 1479 s.
696 1393 757 1468 nat.

201 1539 234 1608 b)
254 1527 434 1593 szodtendia
447 1533 487 1592 cd
498 1537 646 1593 cautiones
658 1536 692 1596 ab
706 1539 839 1595 eeclesia
853 1549 988 1612 expresse
997 1531 1205 1613 praescriptae·

197 1685 384 1766 Cantioncs,
419 1700 496 1769 quas
523 1686 667 1750 Ecclesia
694 1686 850 1750 catholica
877 1687 1000 1750 ratione
1026 1686 1146 1752 termae
1168 1679 1294 1768 exposit·

106 1792 203 1858 tionis
225 1785 358 1858 biblicae
381 1785 500 1858 diserte
522 1795 746 1878 praescripsit,
777 1799 971 1858 concernunt
997 1793 1170 1861 Bibliorum
1199 1813 1296 1877 expo·

106 1903 254 1967 altionem
270 1901 387 1986 populo
403 1895 608 1980 destinatam,
632 1901 664 1966 in
687 1902 793 1986 specie
813 1905 880 1964 tum
895 1903 1072 1968 cmaiones
1096 1907 1298 1971 secessores

105 2017 142 2074 ιἰι
165 2013 299 2092 linquae
320 2011 493 2091 culparer,
517 2025 698 2091 eorumque
720 2013 905 2090 tectionem,
930 2015 996 2075 tunt
1012 1992 1306 2100 comumque

104 2111 284 2201 hujusmodi
299 2117 495 2182 versionibus
512 2118 640 2180 edendis
656 2137 693 2180 ac
716 2115 810 2202 longe
831 2111 958 2200 lateque
980 2117 1218 2182 disseminandis
1240 2139 1297 2182 oo-

106 2233 277 2310 cupantur,
301 2220 395 2312 vulgo
412 2223 550 2292 biblicae
570 2231 776 2310 nuncupatas.

200 2336 351 2418 Equidem
367 2331 511 2400 Ecclesia
526 2334 679 2398 catholice
704 2335 790 2400 nullo
808 2348 943 2421 unqllam
963 2341 1106 2420 tempore
1128 2333 1299 2420 probibuit,

110 2463 173 2526 quo
189 2443 293 2509 minus
310 2444 478 2528 Scriptura
492 2464 519 2508 a.
536 2444 568 2506 in
585 2443 706 2528 linguas
721 2444 867 2530 vulgares
882 2450 1077 2526 verteretur,
1092 2465 1150 2508 nec
1168 2465 1300 2528 unquam

108 2571 259 2636 expresse
286 2573 323 2615 ao
352 2549 540 2636 sinpliciter
565 2547 639 2618 aliis
665 2554 731 2617 suis
759 2552 920 2620 interdixit
935 2555 1109 2620 bibliorum
1137 2556 1169 2618 in
1194 2555 1302 2641 lingua

7 2667 9 2696 ¹
108 2661 276 2726 vernacula
295 2655 462 2754 lectionem
476 2653 519 2748 ¹).
566 2653 658 2724 Licet
683 2675 759 2724 tero
782 2663 843 2726 boc
867 2668 951 2728 teste
967 2663 1101 2728 historia
1118 2663 1160 2726 sit
1186 2664 1300 2727 certis-

7 2759 9 2788 ἑ
110 2772 251 2866 simum,
266 2789 328 2834 non
354 2769 455 2832 minus
471 2775 585 2834 tamen
609 2775 750 2850 constet,
783 2770 958 2836 Ecclesiam
985 2786 1139 2853 nunquam
1166 2789 1227 2838 nou
1249 2793 1286 2836 su

7 2943 9 2964 ζ
109 2879 248 2944 muneris
275 2878 487 2956 existimasse,
522 2875 701 2962 invigilare,
725 2897 764 2941 ne
791 2879 955 2942 versiones
981 2879 1108 2944 vitiatae
1133 2880 1165 2942 in
1192 2899 1301 2944 manus

7 2967 9 2972 ⁵
108 2987 219 3072 populi
234 2989 453 3068 traderentur,
477 2993 509 3050 et
533 2999 639 3050 earum
661 3003 737 3064 usn,
753 2987 802 3050 vel
830 2987 923 3052 etiam
946 2987 986 3050 ob
1002 2987 1158 3052 deiectum
1175 2989 1300 3071 capaci·

109 3098 186 3162 tatis
210 3103 241 3160 et
263 3095 404 3160 culturae
430 3085 601 3179 legentium
624 3093 803 3175 promiscua
825 3095 1053 3178 ascriptores
1076 3091 1173 3160 lectio
1190 3117 1253 3160 non
1268 3098 1299 3160 in

7 3219 9 3228 ’
108 3205 288 3290 proiectum
305 3205 361 3268 sed
376 3195 482 3285 potins
498 3195 530 3266 in
544 3203 762 3288 gravissimum
776 3201 850 3268 tidei
875 3223 913 3267 ac
938 3204 1066 3288 pictatis
1082 3195 1301 3268 detrimentum

7 3331 10 3342 ’
113 3314 251 3378 caderet.
283 3313 371 3374 Hanc
386 3310 577 3395 vigilantiam
595 3311 784 3394 autemjure
799 3305 913 3376 merito
929 3313 1100 3398 augendam
1117 3312 1304 3378 existimavit

7 3419 10 3520 J
109 3416 272 3500 Ecclesia,
306 3425 470 3503 postquam
492 3413 643 3482 haeretici
658 3426 847 3504 coeperunt,
874 3440 900 3484 s.
917 3420 1114 3512 Scripturaru
1130 3421 1162 3484 in
1177 3420 1301 3505 linguae

7 3591 8 3596 ,
109 3531 258 3615 vulgares
274 3533 400 3592 vertera
424 3549 461 3590 eo
478 3528 632 3607 consilio,
656 3535 691 3594 nt
718 3521 873 3610 ejusmodi
894 3529 1108 3610 versionibus,
1132 3529 1241 3612 ntique
1263 3530 1301 3594 ad

7 3679 9 3710 :
111 3655 169 3702 saa
185 3637 302 3720 placita
326 3629 499 3715 contortis,
522 3637 658 3719 popalus
679 3637 718 3700 ad
741 3655 815 3700 sues
831 3645 939 3720 partes
955 3638 1183 3720 pertraherent.
1229 3639 1300 3702 Pri-

111 3753 200 3812 muns'
218 3741 403 3828 prodierunt
419 3744 662 3809 constitutiones
687 3740 923 3810 ecclesiasticae
936 3745 1165 3830 particulares,
1190 3746 1302 3830 quibus

7 3849 10 3892 l
111 3847 210 3918 lectio
227 3872 254 3916 s.
271 3851 456 3934 Scripturas
471 3851 504 3914 in
520 3846 668 3918 idiomate
683 3852 807 3939 volgari
827 3865 884 3936 pro
902 3855 999 3918 certis
1016 3853 1198 3936 quibusdem
1221 3853 1302 3922 locis

7 3957 9 3986 *
112 3959 311 4024 cantionibus
329 3951 660 4040 circumscribebatur,
682 3959 730 4024 vel
746 3961 837 4044 plane
853 3959 1103 4028 interdicebatur
1113 3961 1164 4050 ²),
1180 3963 1302 4029 damula

7 4051 9 4066 ,
110 4069 275 4134 restrictio
306 4067 462 4154 generalis
489 4073 632 4150 tempore
667 4069 713 4134 sic
741 4069 844 4135 dictae
871 4070 1104 4138 reformationis
1127 4071 1214 4139 iacta
1241 4075 1301 4134 est.

112 4179 195 4242 Cum
212 4177 291 4240 enirn
307 4195 456 4242 novarum
472 4195 577 4243 rerum
599 4176 735 4246 studiosi
749 4171 837 4244 illius
854 4178 1007 4262 temporis
1030 4179 1070 4246 td
1082 4191 1178 4244 anon
1195 4192 1302 4246 onnes

111 4299 246 4352 neeesse
263 4301 332 4348 esse
348 4281 600 4370 proclamarent,
623 4285 687 4370 legi
702 4283 740 4348 ab
758 4279 901 4350 omnibus
921 4293 953 4349 et
967 4283 1101 4372 singulis
1117 4284 1304 4350 Christianis
1328 4366 1332 4372 Ι

111 4414 206 4459 sacra
220 4389 323 4458 Biblia
338 4389 370 4456 in
383 4393 492 4477 ¹lingue
507 4391 691 4472 vernacula,
717 4397 748 4454 et
765 4393 797 4454 iu
822 4392 904 4459 huno
920 4391 1012 4458 finem
1030 4392 1181 4480 singulari
1200 4393 1305 4458 stadio

113 4503 263 4568 contiuuo
281 4520 377 4566 novas
401 4499 625 4564 translationes
641 4499 773 4564 biblicae
794 4502 832 4564 ad
849 4515 950 4564 nouae
973 4501 1135 4567 doctrinae
1162 4501 1307 4588 dogmata

7 4613 8 4618 ’
114 4610 328 4675 conformatas
344 4610 573 4691 procuderant,
599 4613 634 4670 ut
650 4607 729 4678 male
754 4607 929 4673 imminenti
946 4615 1184 4690 occurreretur,
1215 4611 1309 4694 iussu

151 4745 232 4788 llerm.
251 4740 349 4786 biblica.
369 4743 397 4784 ll.
1051 4738 1086 4788 22
