3118 5282
282 427 360 504 376

278 605 405 686 lentur,
445 603 672 690 interpretandi
704 603 861 668 rationum
890 621 1008 689 genus,
1043 602 1137 688 cujus·
1168 603 1306 689 reliquae
1330 601 1429 668 nonnisi

282 715 424 778 diuersae
440 714 562 800 species
578 733 634 777 seu
650 712 884 778 immutationes
901 716 975 776 sunt
991 755 1000 792 ‚
1020 719 1053 777 et
1073 734 1110 776 ex
1126 713 1196 797 ipso
1211 713 1354 798 primario
1370 715 1433 776 l‘ro·

275 821 467 886 testantismi
483 819 779 907 principio‘prodit,
803 841 864 906 quo
887 841 914 884 s.
939 819 1124 903 scripturae
1142 821 1234 884 unica
1255 817 1327 884 lidei
1346 839 1431 884 norma

276 933 442 1014 statuitur,
466 933 616 1017 adquam
639 931 905 1015 interpretandam
926 931 1056 1014 insuper
1080 952 1199 995 summa
1216 931 1313 994 cuiuis
1327 931 1431 994 libertas

279 1039 581 1104 arelormatoribus
608 1057 761 1104 concessa
784 1043 833 1104 est
846 1041 888 1124 ¹).
927 1039 968 1102 llt
988 1039 1066 1103 licet
1092 1039 1335 1104 Protestantium
1359 1039 1436 1102 inter·
1523 1079 1524 1112 ,

273 1145 416 1228 pratibus
444 1167 515 1210 mor
542 1151 615 1230 post
641 1146 897 1211 reformationem
920 1167 979 1230 per
999 1144 1092 1210 iidem
1114 1169 1189 1212 suae
1216 1147 1380 1226 Ecclesiae,
1404 1145 1434 1208 li·

272 1254 340 1318 bris
373 1253 555 1340 symbolicis
589 1255 820 1342 consignatam,
858 1255 985 1342 aliquod
1022 1253 1146 1320 frenum
1178 1255 1326 1339 injectum
1350 1255 1436 1333 tuerit,

276 1384 359 1446 quo,
388 1363 534 1446 quamdiu
565 1365 604 1428 ad
632 1363 716 1428 illam
740 1363 971 1450 respiciendum
1003 1361 1235 1445 existimarunt,
1259 1385 1278 1428 a
1303 1362 1436 1450 marion·

274 1471 350 1552 bus,
375 1471 489 1557 quibus
504 1472 587 1538 ratio
604 1471 736 1536 bumana
752 1473 813 1538 sibi
829 1473 891 1538 soli
906 1473 1019 1538 relicta
1042 1474 1257 1554 obnoxiaest,
1282 1472 1437 1538 excessibus

275 1579 488 1662 munirentur,
511 1581 585 1664 quia
606 1587 709 1646 tamen
732 1582 810 1646 baec
833 1577 912 1646 tides
935 1582 1004 1664 ipsa
1027 1582 1143 1648 rationi
1166 1584 1316 1646 humanae
1339 1583 1440 1643 mamm

272 1687 481 1771 innitebatur,
516 1694 628 1774 utpote
660 1689 783 1772 privata
805 1690 1058 1777 Theologorum,
1090 1693 1144 1776 qui
1174 1691 1325 1776 Symbola
1357 1685 1436 1752 conli-
1523 1717 1524 1720 ¹

274 1795 415 1879 ciebant,
438 1796 647 1885 intelligentia
674 1819 691 1863 e
719 1797 820 1863 saeris
851 1798 954 1863 literis
986 1801 1148 1880 desumto,
1187 1803 1295 1882 patet,
1318 1799 1437 1862 Aretho

269 1903 402 1968 licorum
425 1905 718 1990 interpretationem
741 1927 779 1970 ae
806 1909 881 1970 tuuc
907 1907 1049 1990 quidem,
1073 1908 1195 1994 quomo
1219 1907 1259 1991 ad
1284 1905 1438 1970 confessio·

273 2012 322 2076 nis
338 2030 413 2078 suae
428 2009 523 2078 iidem
545 2013 739 2097 respiciunt,
763 2034 782 2078 a
804 2015 1020 2080 rationalismo
1044 2015 1170 2099 penitus
1185 2015 1317 2078 liberam
1333 2033 1396 2078 esse
1407 2009 1439 2084 ¹).

361 2121 421 2186 ast
443 2122 504 2186 boc
527 2121 600 2186 loco
624 2121 845 2206 interpretatio
868 2123 1118 2205 rationalistica,
1152 2120 1333 2210 significatu
1362 2119 1441 2186 strie-
1523 2131 1524 2134 ’

274 2225 352 2292 tiori
372 2236 520 2314 occepta,
543 2231 784 2317 perstringenda
812 2236 878 2314 est,
916 2251 975 2314 per
1005 2252 1097 2314 quam
1127 2252 1195 2296 eam
1218 2251 1328 2295 sacras
1349 2230 1441 2292 literas

271 2339 428 2402 tractandi
459 2343 492 2402 et
524 2341 695 2424 exponendi
725 2340 880 2406 rationem
917 2341 1140 2428 intelligimus,
1175 2361 1254 2425 quae
1286 2336 1444 2405 recentiori

270 2450 413 2530 tempore
437 2453 509 2513 orta
530 2447 631 2514 libros
662 2468 770 2515 sacros
800 2471 870 2514 cum
893 2451 1034 2536 profanis
1059 2450 1197 2535 ejusdem
1226 2450 1355 2537 generis
1383 2466 1440 2513 esre

270 2555 356 2638 vult,
379 2559 410 2620 ct
432 2557 465 2620 in
487 2556 527 2620 iis
551 2557 741 2643 explicandis
757 2580 820 2623 nou
844 2559 946 2624 solum
961 2557 1036 2626 lidei
1057 2559 1231 2646 analogiam
1248 2563 1282 2624 et
1297 2555 1442 2622 Ecclesiae

272 2663 423 2748 Symbola
438 2666 593 2750 repudiat,
616 2669 672 2732 sed
691 2668 784 2732 etiam
802 2672 925 2749 runata,
949 2689 1030 2753 quae
1046 2669 1311 2752 complectuntur,
1334 2665 1442 2731 seclusa

273 2773 356 2836 omni
373 2772 551 2838 immediata
565 2775 623 2839 Dei
639 2775 785 2857 actione,
808 2776 999 2840 revelatione
1015 2797 1052 2840 ae
1067 2777 1275 2860 inspiratione
1294 2777 1334 2840 ad
1356 2774 1440 2838 solius

271 2882 405 2945 rationis
422 2884 572 2947 humanae
589 2886 713 2966 captum
729 2883 774 2947 ita
798 2884 911 2970 exigit,
934 2890 969 2948 ut
993 2905 1072 2967 quae
1088 2887 1170 2948 bunc
1187 2889 1359 2967 superant,
1380 2885 1444 2967 puta

271 2989 439 3073 mysteria,
477 2990 627 3054 miracula
651 2994 684 3054 et
709 2991 875 3074 vaticinia,
909 2993 1018 3074 paucis
1046 2993 1196 3075 quidquid
1219 2988 1440 3075 supernaturale

270 3099 411 3181 redolet,
434 3105 488 3165 aut
510 3100 602 3185 plaas
626 3100 782 3184 eliminet,
806 3107 859 3166 aut
887 3103 979 3167 modo
1003 3101 1157 3182 naturali,
1181 3101 1332 3166 adhibitis
1355 3098 1443 3175 etiam,

270 3208 324 3271 ubi
347 3229 427 3290 opus
449 3208 565 3291 luerit,
588 3207 732 3274 artificiis
756 3209 877 3276 criticis
899 3211 949 3274 vel
972 3210 1141 3296 exegeticis
1165 3210 1400 3295 interpretetur.

360 3319 561 3400 Quantopere
584 3319 781 3400 reprobanda
796 3319 840 3382 sit
856 3318 1009 3402 ejusmodi
1024 3338 1050 3382 s.
1068 3318 1268 3402 Scripturam
1285 3311 1442 3402 exponendi

270 3427 446 3506 methodus,
470 3425 563 3489 facile
585 3430 683 3507 patet,
707 3426 780 3509 quia
801 3447 860 3511 per
883 3447 950 3492 eam
973 3427 1041 3512 pia,
1064 3445 1144 3510 quae
1176 3428 1277 3491 saeris
1295 3427 1442 3506 utriusque

268 3534 408 3598 foederis
437 3535 632 3599 documentis
661 3534 790 3620 seriptis
821 3555 991 3620 eorumque
1025 3536 1208 3600 auctoribus
1232 3535 1384 3614 debetur,
1417 3534 1442 3590 et

269 3641 342 3704 inde
365 3643 403 3705 ab
425 3642 552 3706 illorum
575 3642 697 3730 origine
720 3621 779 3729 pbr
808 3643 943 3730 plurima
966 3644 1091 3708 saeeula
1114 3664 1133 3707 a
1157 3642 1344 3707 cultissimis
1370 3635 1442 3704 orbis

268 3757 425 3815 terrarum
441 3751 620 3816 nationibus
644 3754 780 3818 exhibita
804 3758 864 3836 est,
887 3755 1048 3819 veneratio
1070 3754 1163 3838 plane
1186 3753 1360 3832 evertitur,
1379 3767 1439 3810 ver·

266 3859 318 3923 bis
340 3859 533 3944 loquentium
559 3882 622 3926 non
645 3862 690 3944 is,
714 3883 806 3946 quem
827 3863 1045 3946 intenderunt,
1070 3864 1127 3926 sed
1143 3863 1197 3946 qui
1212 3854 1441 3945 praeconceptis
1523 3905 1524 3920 .

267 3968 534 4034 rationalistarum
558 3971 756 4054 opinionibus
771 3973 960 4055 respondet,
985 3991 1096 4036 sensus
1119 3971 1290 4052 tribuitur,
1313 3970 1374 4033 imo
1396 3964 1441 4026 ob·
1523 3981 1524 3990 ¹

269 4079 426 4161 truditur,
466 4081 548 4164 quod
573 4081 718 4165 prolecto
741 4081 900 4164 primariis
928 4100 1022 4144 sanae
1045 4080 1309 4144 llermeneuticac
1332 4075 1441 4160 legibus

269 4209 286 4252 e
309 4188 462 4254 diametro
485 4190 687 4272 adversatur,
723 4195 755 4253 et
778 4188 916 4272 denique
936 4210 1057 4254 omnem
1079 4189 1246 4273 positivam
1270 4185 1440 4272 religionem

270 4317 288 4360 e
311 4315 338 4360 s.
349 4359 351 4364 ,
364 4297 532 4382 Scriptura
555 4299 701 4362 exturbat
716 4295 758 4380 ⁸).

292 4455 318 4518 ¹)
339 4461 435 4509 contar
453 4470 535 4521 supra
553 4461 579 4521 s.
600 4459 663 4510 230.
684 4463 740 4508 not.
761 4463 789 4509 2.
811 4465 838 4510 et
857 4463 883 4510 3.

292 4543 320 4614 ²)
340 4550 414 4598 (tout
434 4550 505 4598 dicta
524 4551 548 4610 S.
569 4552 632 4599 2³8.
652 4554 714 4598 nota
737 4553 763 4600 2.
783 4553 901 4609 collatis,
930 4553 1044 4614 quaeda
1063 4552 1222 4600 auctoritate
1240 4539 1439 4609 auctomento

335 4641 475 4700 generatim
493 4644 617 4702 acceptae
635 4643 661 4702 S.
685 4642 743 4692 158.
769 4644 795 4692 tu
817 4648 895 4701 nota,
916 4648 944 4694 et
963 4645 987 4705 s.
1011 4645 1071 4693 170.
1092 4647 1147 4691 aot.
1168 4645 1193 4690 2.
1213 4640 1368 4690 monuimus.
