3190 5290
1258 361 1322 436 27

131 545 336 614 difficultates
360 546 391 610 in
415 541 609 612 addiscendis
632 541 748 628 linguis
771 541 963 630 peregrinis,
991 543 1175 627 praesertim
1199 542 1323 606 billicis

130 660 324 744 superandae
352 656 567 740 dispiciuntur.
612 655 715 732 Quare
747 653 834 736 prius
865 653 902 716 de
929 672 1023 718 nexu
1049 655 1134 716 inter
1159 674 1256 718 uoces
1284 675 1325 718 uc

128 772 405 854 siqnifioutioncs,
429 766 499 828 dein
524 765 561 826 de
584 767 688 828 mutua
709 762 883 847 linguarum
900 762 1069 844 relatione,
1094 783 1148 826 sen
1165 762 1203 826 de
1219 783 1324 826 earum

130 881 327 963 copmationc
344 880 376 942 et
390 876 622 958 discrepantia
638 876 701 938 tarn
725 870 848 936 lexicali
871 890 961 956 qnam
977 871 1202 956 grammaticali
1225 892 1325 956 panos

130 991 281 1058 dicemus.

180 1194 208 1264 ς.
225 1189 260 1249 ll.
275 1189 363 1248 lexas
376 1188 449 1246 lntcr
462 1185 593 1244 vocatura
607 1185 636 1244 ot
649 1183 773 1242 nudares
787 1192 840 1240 non
853 1181 960 1254 qudam
974 1182 1108 1255 absolute,
1124 1183 1171 1242 sed
1184 1183 1277 1244 umen

519 1291 692 1364 arpoucuce
705 1291 876 1352 necessarius
890 1292 941 1350 cst

216 1429 339 1510 Quodsi
354 1449 444 1494 usum
461 1430 608 1513 loquendi
624 1432 707 1495 inter
731 1451 840 1495 sensns
857 1429 1032 1513 inquirendi
1048 1429 1205 1513 praesidia
1220 1430 1320 1513 primo

125 1541 198 1606 loco
216 1561 289 1604 csse
306 1539 453 1623 diximus,
469 1560 578 1604 nerum
594 1540 747 1604 vocabula
762 1541 844 1604 inter
861 1543 893 1603 et
909 1540 1064 1618 notiones,
1083 1559 1144 1620 quo
1161 1559 1230 1602 cnm
1247 1559 1324 1602 con-

125 1653 238 1715 sistere
255 1653 411 1734 putamus,
435 1646 557 1713 firmum
574 1655 667 1732 atque
684 1653 878 1714 constantem
902 1669 972 1712 esse
994 1647 1166 1732 posuimus.
1190 1649 1323 1727 Quaeri-

124 1766 177 1824 tur
188 1759 276 1842 jam,
301 1778 373 1822 num
388 1778 499 1842 reapse
516 1780 552 1822 ea
567 1760 610 1822 sit
625 1764 738 1823 natura
754 1758 847 1842 liujus
865 1759 984 1822 nexus?
1016 1757 1167 1840 Equidem
1191 1758 1323 1822 diversi·

124 1875 173 1934 tas
193 1870 373 1956 linguarum
396 1868 647 1932 manifestissime
670 1869 799 1951 prohat,
824 1868 1041 1931 necessitatem
1066 1866 1239 1930 absolutam
1264 1889 1324 1930 uon

125 1979 252 2061 adesse,
279 1977 375 2040 certis
390 1977 552 2040 vocabulis
569 1980 672 2040 certas
689 1977 832 2040 notiones
850 1975 1051 2059 subjiciendi,
1073 1976 1213 2057 adeoque
1229 1998 1323 2040 voca-

124 2089 197 2179 lrula
214 2108 252 2151 cx
271 2086 390 2171 origine
407 2105 463 2148 sna
480 2105 550 2148 esse
568 2087 655 2170 signa
679 2105 777 2168 aeque
801 2086 968 2150 arbitraria
992 2106 1028 2148 ac
1051 2085 1121 2163 illa,
1146 2106 1224 2166 quae
1248 2107 1275 2150 e.
1292 2107 1322 2172 g.

125 2199 256 2264 honoris
275 2215 368 2259 causa
384 2199 576 2260 statuuntur.
600 2196 649 2258 Ad
669 2216 819 2260 summum
836 2196 866 2258 in
882 2195 990 2279 paucis
1007 2193 1278 2277 interjectionibus
1291 2193 1323 2281 1)

125 2314 156 2371 et
172 2305 332 2372 nonnullis
348 2306 478 2369 vocibus
495 2306 776 2390 onomatopoetiois
788 2303 820 2391 Β)
844 2305 980 2390 plurium
996 2305 1171 2390 linguarum
1188 2327 1323 2370 concen-

124 2421 175 2480 tus
199 2416 344 2500 quidam,
368 2416 508 2496 adeoque
529 2415 652 2478 nativus
676 2415 832 2478 hominum
856 2415 942 2478 nisus
968 2433 1104 2478 consono
1127 2415 1220 2478 modo
1243 2414 1323 2477 istas

126 2527 272 2590 notiones
284 2523 483 2608 exprimendi,
501 2522 752 2606 deprehenditur,
768 2543 847 2604 quae
863 2528 966 2586 tamen
978 2524 1093 2607 oppido
1108 2543 1225 2606 paucae
1239 2527 1322 2604 sunt,

127 2657 162 2698 ac
178 2635 228 2699 vel
244 2635 334 2718 ipsae
350 2633 428 2696 adeo
446 2633 568 2698 diverse
585 2636 713 2717 sonant,
739 2636 775 2696 ut
795 2632 963 2696 conformis
980 2653 1084 2696 aarum
1100 2631 1322 2717 designationis

126 2745 298 2808 necessitas
314 2741 399 2806 nulla
415 2745 573 2826 appareat.

215 2857 362 2919 Attamen
390 2853 529 2916 adscitus
557 2850 653 2916 semel
677 2851 715 2916 ab
739 2853 913 2916 hominibus
937 2872 1042 2916 secum
1068 2853 1322 2918 conversantibus

128 2985 222 3030 nexus
237 2964 324 3028 inter
338 2982 433 3025 voces
449 2966 482 3025 et
497 2961 640 3025 notiones
656 2961 688 3024 in
704 2962 959 3026 consuetudinem
983 2959 1077 3044 abiit,
1102 2965 1135 3024 et
1153 2961 1198 3026 ita
1212 2958 1323 3026 firmus

126 3079 336 3155 constansque
359 3071 474 3150 evasit,
499 3075 535 3134 ut
557 3072 705 3134 moralem
729 3072 948 3134 necessitatem
971 3091 1041 3134 sese
1064 3072 1109 3134 ita
1133 3071 1322 3153 exprimendi

127 3183 302 3263 induxerit,
326 3180 386 3246 nisi
410 3180 629 3244 commercium
652 3180 877 3265 cogitationum
894 3180 1030 3262 desinat,
1055 3184 1086 3242 at
1102 3179 1243 3242 contusio
1260 3181 1322 3243 Ba-

126 3295 274 3379 bylonica
300 3291 431 3354 oriatm.
466 3290 558 3369 Quod
585 3311 622 3353 ex
648 3290 726 3353 artis
753 3290 823 3376 lege
838 3289 947 3375 paucis
969 3289 1014 3352 ita
1042 3289 1199 3353 enunciari
1222 3288 1321 3352 solet:

131 3405 217 3468 Usus
240 3401 397 3485 loquendi
419 3419 486 3463 uon
510 3401 640 3482 quiricm
663 3401 829 3482 obsolute,
856 3399 1052 3482 hypothetice
1075 3409 1182 3465 tomen
1205 3420 1321 3464 neccs-

126 3517 241 3578 sarius
265 3510 370 3596 osv).

157 3676 181 3741 ¹)
201 3682 232 3728 E.
254 3694 279 3741 g.
299 3677 353 3734 vis,
374 3671 409 3735 οἳ,
431 3669 499 3742 ιῖμοι
519 3677 565 3740 rh,
586 3678 664 3733 eheu,
684 3677 745 3724 ach!
765 3681 816 3726 etc.

154 3765 179 3832 ²)
199 3771 276 3820 Tales
303 3773 364 3818 sunt
383 3772 446 3832 nup,
464 3760 573 3837 βροντὴ,
594 3768 706 3829 tonitru,
726 3771 873 3824 Hoerner,
894 3767 955 3816 item
975 3761 1157 3837 ψιθυρισμὸς,
1177 3781 1319 3829 susurrus,

199 3859 835 3922 nispe1n‚ssusosn‚uezrscnoctc.

153 3944 179 4016 ⁸)
197 3953 253 3999 Huc
270 3955 381 4013 spectet,
400 3952 535 4013 quodiam
555 3953 795 4007 Aristoteles,
816 3953 853 4000 De
873 3953 1012 4011 interpret.
1032 3965 1089 4012 cup.
1108 3954 1135 3999 2.
1167 3954 1315 4000 adnotavit:

198 4036 266 4091 oues
286 4033 499 4109 primatiores&
520 4037 643 4106 ὀνόματα,
664 4037 734 4090 ἁλλὰ
752 4039 822 4090 πατὰ
843 4039 991 4099 συνθήκην.
1089 4043 1092 4048 ’

298 4240 326 4307 s.
339 4237 378 4296 lt.
393 4237 555 4298 mustiones
569 4239 740 4298 sitdominus
753 4241 782 4296 ln
795 4240 895 4312 dngms
909 4239 1150 4298 tornodorenses.

217 4385 303 4450 llaec
320 4390 493 4451 constantia
508 4409 602 4451 nexus
618 4389 701 4451 inter
723 4389 873 4452 vocabula
890 4394 923 4453 ct
937 4390 1081 4452 notiones
1101 4411 1161 4453 non
1176 4390 1315 4473 impedit,

130 4495 290 4572 quominus
300 4494 404 4558 variae
416 4498 602 4560 mutationes
615 4497 646 4558 in
658 4497 771 4582 linguis
783 4497 886 4560 locum
896 4499 1038 4576 habeant,
1051 4499 1213 4580 etquidem
1224 4517 1315 4580 prae-

126 4603 231 4666 sertim
248 4603 278 4667 in
295 4604 422 4668 rudibus
439 4607 539 4670 adhuc
556 4609 587 4670 et
604 4607 750 4685 incultis,
775 4611 807 4669 at
823 4628 923 4690 neque
938 4609 969 4671 in
985 4607 1098 4694 linguis
1115 4628 1172 4694 per
1188 4605 1312 4696 regulas
