3120 5294
262 471 313 548 58

256 650 361 714 libros
373 651 666 733 premmute'eorum
681 659 713 714 et
726 659 951 732 suspectarum,
966 649 1101 734 denique
1116 653 1300 728 illusorem,
1316 653 1361 716 de
1388 649 1456 734 qui·

262 755 322 820 bus
333 755 398 839 jam
415 757 597 842 singillatim
613 777 740 843 agemm
752 755 806 845 ⁴¹).

279 900 308 965 ⁰)
327 907 449 965 Equidem
468 905 542 953 attam
560 905 703 963 Patres,
724 907 762 952 uti
781 905 969 966 (trigenas
989 907 1017 952 et
1037 905 1191 964 praesertim
1210 905 1459 964 Hieronymus,

333 995 407 1044 nobb
433 997 525 1042 multus
552 995 672 1055 egreglus
699 995 876 1044 hebraicorum
894 996 1077 1056 explicationes
1096 997 1282 1056 terruerunt,
1311 1007 1373 1042 cum
1401 1006 1459 1040 vero

338 1097 410 1133 suem
435 1087 509 1147 hujus
527 1086 567 1134 rel
586 1085 759 1146 cognitionem
785 1099 816 1134 ex
833 1086 969 1132 multione
995 1085 1143 1144 synagogae
1164 1087 1306 1144 usserint,
1335 1099 1387 1132 sos
1413 1085 1459 1130 hee

337 1175 405 1236 toea,
424 1177 468 1222 nbi
487 1175 567 1222 solum
585 1177 671 1224 tontes
691 1175 825 1236 primarios
845 1187 1021 1234 recensemus,
1036 1175 1274 1234 praetermittimus.
1287 1175 1368 1222 cont.
1378 1172 1459 1238 §.dh

818 1370 845 1436 s.
864 1361 907 1424 dd.

678 1479 706 1541 s)
727 1475 869 1548 Antiquae
886 1475 1040 1531 versiones.

351 1619 542 1686 ludaeorum
565 1620 767 1686 traditionem
791 1622 924 1706 primum
942 1622 1193 1704 complectuntur
1214 1621 1364 1704 antiquae
1389 1639 1459 1684 ver·

260 1728 384 1810 sioues,
408 1729 492 1792 inter
516 1749 593 1814 quas
617 1729 773 1794 hocloco
798 1730 898 1794 solum
923 1733 1148 1809 immediatus,
1178 1750 1240 1792 non
1263 1734 1372 1792 autem
1397 1749 1461 1792 me-

262 1837 373 1920 dietas,
398 1837 429 1902 in
455 1857 581 1902 censum
604 1839 712 1902 venire
736 1857 841 1921 posse,
867 1860 904 1902 ex
927 1843 1039 1902 natura
1062 1839 1110 1902 rei
1132 1837 1330 1922 intelligitur.
1356 1839 1462 1900 lnter·

261 1953 368 2030 protes
393 1948 491 2028 enim,
522 1949 576 2033 qui
598 1949 775 2012 versionem
798 1949 932 2032 aliquam
955 1949 994 2012 V.
1018 1949 1056 2012 T.
1079 1949 1112 2011 iu
1135 1947 1251 2012 idioma
1280 1967 1357 2008 suae
1384 1967 1461 2032 gen·

260 2057 304 2120 tis
333 2058 564 2120 transtulerunt
599 2079 660 2120 nou
691 2058 835 2139 inspecto
859 2058 976 2121 iterum
997 2063 1086 2122 textu
1108 2055 1274 2135 hebraico,
1309 2077 1371 2138 pro
1404 2074 1461 2117 usu

259 2164 411 2247 loquendi
433 2165 581 2228 hebraico
613 2165 827 2228 testimonium
859 2165 965 2230 dicere
988 2171 1158 2249 nequeunt.
1204 2166 1292 2228 luter
1321 2163 1460 2228 transla-

260 2272 365 2335 tiones
399 2293 475 2335 vero
511 2272 704 2335 immediatas
740 2273 917 2337 versionem
939 2275 1229 2353 Alexandrinam,
1265 2273 1359 2336 etiam
1390 2291 1461 2334 ver·

262 2379 381 2445 sionem
405 2379 490 2442 hXX
513 2381 721 2462 interpretum
744 2381 794 2443 vel
817 2386 910 2446 ruvo
934 2384 1060 2462 dietam,
1085 2382 1219 2446 caeteris
1241 2382 1460 2464 praeferimus,

262 2487 336 2572 quia
359 2489 398 2550 ad
420 2492 544 2570 tempus
567 2488 654 2550 virae
678 2489 801 2574 linguae
825 2491 965 2574 proxime
989 2492 1128 2570 accedit,
1160 2498 1192 2554 et
1216 2491 1318 2574 quoad
1342 2489 1459 2571 primas

263 2602 371 2678 partes
396 2615 485 2675 suas,
509 2599 585 2678 puta
607 2595 706 2659 libros
728 2597 844 2678 blesis,
869 2601 922 2685 qni
945 2601 1001 2663 sub
1017 2599 1201 2662 Ptolomaeo
1216 2597 1296 2683 Lagi
1310 2593 1459 2659 translati

265 2704 451 2783 ereduntur,
475 2704 541 2767 fere
570 2725 639 2766 cum
662 2705 718 2768 illo
736 2707 885 2771 coincidit
900 2731 908 2788 3
933 2713 1125 2792 quapropter
1140 2707 1172 2770 iu
1189 2726 1225 2770 ea
1239 2706 1339 2768 multa
1353 2705 1459 2789 prisea

265 2812 413 2876 hebraica
428 2817 589 2876 asservata
605 2834 692 2893 esse,
710 2835 838 2880 necesse
855 2822 913 2880 est.

356 2922 396 2983 llt
420 2941 493 2984 saue
516 2923 713 3007 antiquorum
736 2926 905 2989 traditione
932 2926 1075 2989 consulta
1099 2925 1289 3006 interpretes
1311 2923 1457 3005 plurima,

266 3049 364 3112 eaque
381 3026 470 3105 ἅπαξ
482 3031 641 3116 λεγόμενα,
658 3032 781 3097 rariora
797 3041 890 3118 atque
906 3035 1052 3096 abstrusa
1068 3031 1194 3116 egregie
1209 3031 1385 3094 reddidisse
1412 3030 1458 3091 in·

268 3139 433 3202 veniuntur
449 3135 490 3223 ¹).
520 3140 640 3218 Quodsi
656 3141 738 3203 haud
754 3143 862 3225 paucis
879 3143 1034 3206 hebraicis
1052 3138 1298 3224 significationes
1319 3138 1457 3200 vindica·

263 3253 346 3330 runt,
371 3267 449 3331 quae
465 3269 545 3310 nunc
562 3249 593 3311 in
609 3247 793 3315 Hebraismo
811 3250 982 3336 antiquiori
996 3271 1058 3312 nou
1074 3248 1218 3330 amplius,
1236 3247 1291 3309 sed
1308 3246 1411 3308 solum
1428 3245 1456 3306 in

264 3357 407 3420 dialectis
421 3358 564 3442 cognatis
575 3358 786 3442 reperiuntur,
804 3361 990 3422 credendum
1004 3365 1062 3438 est,
1078 3355 1286 3420 translatores
1301 3355 1374 3418 illas
1392 3355 1457 3417 dia-

264 3465 367 3528 lectos
384 3465 444 3527 sibi
459 3471 551 3528 notas
567 3485 754 3547 usurpasse,
782 3469 866 3550 quod
889 3471 1035 3550 quantum
1057 3468 1096 3530 ad
1119 3465 1302 3528 aramaicam
1324 3467 1356 3526 et
1381 3483 1457 3526 uec-

266 3573 443 3636 hebraicam
460 3579 509 3636 sat
524 3572 686 3656 probabile
708 3579 773 3655 est,
796 3573 846 3636 vel
868 3594 920 3636 eas
945 3572 1190 3660 significationes
1212 3572 1286 3634 olins
1309 3572 1404 3634 etiam
1426 3571 1457 3632 in

265 3681 413 3743 hebraico
438 3680 571 3743 usitatas
593 3680 672 3763 ipsis
702 3681 825 3744 aliunde
856 3682 1028 3747 innotuisse
1049 3680 1092 3768 ¹).
1133 3680 1220 3744 Varii
1241 3679 1456 3742 translationis

268 3809 393 3852 errores
408 3788 522 3871 partim
538 3808 575 3852 ex
591 3789 757 3852 oscitantia
769 3795 800 3852 et
814 3791 951 3854 tenuiori
966 3792 1091 3878 linguae
1107 3789 1270 3853 hebraicae
1283 3786 1457 3874 (etymolo-

266 3897 337 3980 giae
353 3897 548 3980 praesertim,
578 3897 821 3982 orthographiae
837 3902 868 3960 et
884 3897 1123 3984 grammaticae)
1140 3897 1262 3978 notitia,
1291 3896 1406 3979 partim
1424 3913 1457 3957 ex

267 4005 362 4066 nimia
378 4004 410 4066 in
425 4007 574 4069 vertendo
590 4006 737 4070 libertate
750 4007 941 4070 descendunt
950 4001 992 4093 ⁸).
1011 4009 1178 4073 Caeterum
1190 4005 1311 4070 indoles
1323 4004 1458 4066 transla-

265 4113 364 4175 tionis
380 4113 412 4175 in
428 4113 560 4177 diversis
576 4115 667 4178 libris
682 4115 814 4178 multum
830 4117 999 4199 discrepat,
1017 4137 1053 4179 eo
1069 4116 1140 4199 ipso
1156 4115 1298 4178 diversos
1322 4112 1457 4174 transla-

265 4224 355 4283 tores
382 4221 593 4286 manifestaus.
628 4223 741 4287 Versio
757 4225 962 4291 Pentateucbi
990 4229 1131 4288 caeteras
1153 4220 1216 4286 tlde
1244 4225 1276 4284 et
1304 4219 1458 4304 elegantia

267 4334 412 4412 superat,
427 4331 466 4393 ad
479 4351 545 4395 eam
556 4332 697 4415 proxime
709 4333 830 4396 aceedit
842 4333 1163 4412 illal'roverbiorum3
1178 4331 1335 4414 interpres
1345 4330 1456 4394 Eccle-

266 4438 373 4502 siastis
389 4439 496 4503 servili
517 4441 722 4504 translatione
746 4463 780 4505 se
803 4442 984 4528 distinguit,
1008 4441 1203 4504 Psalmorum
1226 4459 1301 4504 vero
1326 4459 1363 4502 ac
1378 4442 1456 4502 Pro-

266 4549 432 4632 phetarum
448 4547 666 4634 interpretatio
684 4551 817 4614 caeteris
830 4551 971 4617 omnibus
987 4551 1126 4615 deterior
1137 4555 1196 4614 est.
1210 4549 1361 4634 Linguam
1376 4547 1456 4631 quod

268 4659 390 4746 attinet,
408 4657 606 4747 dialectosut
621 4666 743 4745 vocant,
760 4661 966 4746 hellenistica,
983 4661 1154 4748 generatim
1169 4658 1299 4724 multum
1315 4657 1454 4722 hebrais-
