3112 5284
1231 441 1311 516 277

139 623 166 690 ²)
188 629 261 676 Sicut
286 627 402 674 omuibus
426 631 592 689 praeceptum
611 631 668 688 est,
690 627 731 686 qni
751 625 848 672 christi
869 626 942 683 signa
969 629 1125 685 sequuntur.
1151 628 1179 670 ut
1199 624 1300 682 bsptis-

190 731 260 766 mum
275 719 306 765 ah
323 731 355 764 eo
372 718 513 766 ordinatum
530 720 683 778 suscipient,
703 718 741 764 lta
757 729 857 776 quoque
870 717 928 775 peri
944 716 1118 764 submissione
1134 715 1309 774 bleglaterium

192 810 341 864 Ecclesiae,
365 809 432 867 quod
451 810 573 856 Dominus
593 809 626 854 sd
645 808 778 854 doctrines
800 805 943 866 revelatas,
969 807 1086 865 adeoque
1106 805 1184 852 etism
1202 805 1312 854 hlhlices

194 899 364 946 declarandas
382 911 412 945 ec
434 897 592 948 definiendas
615 899 765 956 constituit,
786 896 923 942 admittere
941 901 1056 956 oportet.
1215 953 1218 958 Ι

143 984 169 1050 ⁸)
191 991 355 1048 Quantopere
377 989 537 1048 antiquiores
563 990 759 1035 Protestanllum
791 987 915 1047 ossologi
935 988 960 1032 in
988 988 1194 1046 interpritatione
1212 987 1307 1036 biblica

189 1080 312 1126 librorum
326 1079 528 1138 symbolicorum
541 1080 664 1124 rationem
679 1079 819 1125 habendam
831 1091 891 1124 ease
905 1079 1115 1139 existimaverint,
1131 1079 1200 1127 lulre
1209 1079 1233 1140 s.
1242 1079 1307 1127 2³8.

191 1173 245 1216 not.
265 1171 291 1216 8.
311 1171 418 1217 dicetur.

142 1251 171 1318 l)
193 1260 389 1318 Propter¹heuc
409 1271 431 1305 s.
463 1257 614 1316 scripturae
640 1257 825 1306 obscuritatem
854 1258 932 1306 etiem
960 1259 986 1304 in
1011 1258 1060 1314 lla,
1091 1269 1155 1317 quse
1180 1259 1212 1306 ed
1233 1256 1307 1306 iidem

189 1355 216 1398 et
234 1361 319 1398 storea
335 1352 480 1408 pertinent,
500 1351 645 1408 interprete
663 1363 714 1396 non
737 1349 820 1396 minus
843 1349 1003 1408 indigemus,
1020 1362 1094 1409 quem
1116 1350 1158 1396 ille
1178 1352 1310 1396 ensucbue

189 1443 279 1501 legens
294 1442 456 1500 prophetiam
466 1441 587 1500 iesaiee,
608 1442 633 1486 iu
651 1454 700 1500 qus
715 1453 801 1488 sermo
820 1441 929 1487 hebetur
947 1442 979 1486 de
990 1441 1111 1500 cbristo,
1132 1443 1308 1502 interrogetur

189 1535 347 1595 ePhtlippoz
368 1535 487 1580 Putasne
504 1533 644 1594 intelligia,
664 1527 836 1594 cassiepia?
856 1533 905 1591 Qui
921 1533 973 1580 eit:
993 1534 1029 1579 Et
1042 1535 1173 1594 quomodo
1188 1546 1309 1595 possum,

190 1623 216 1671 ai
234 1637 287 1671 nors
306 1622 404 1684 uliquis
421 1621 572 1669 ostenderit
588 1621 660 1676 mibi,
679 1621 732 1669 Act.
754 1621 826 1681 lllll,
847 1623 889 1668 30.
911 1623 955 1668 31.
975 1623 1013 1668 lle
1034 1624 1192 1668 necessitate
1222 1623 1304 1669 loter-

188 1712 342 1770 pretetionis
359 1723 488 1760 sacrarum
503 1713 638 1757 literarum
651 1711 810 1771 dogmaticae
826 1715 934 1771 propter
949 1725 1039 1759 aarum
1052 1712 1238 1760 obscuritatem
1256 1715 1306 1772 legi

190 1807 336 1859 merentur,
356 1815 423 1862 quse
438 1805 539 1850 erudite
559 1801 652 1848 scribit
670 1803 696 1849 J.
713 1803 863 1850 Perrone
887 1803 904 1849 l.
921 1804 939 1850 l.
948 1804 1003 1850 Vol.
1018 1803 1063 1850 lll.
1084 1803 1112 1850 P.
1131 1803 1164 1851 ll.
1183 1815 1241 1863 cap.
1257 1807 1302 1852 ΙΙΙ.

191 1904 251 1952 pag·
268 1895 302 1939 76
319 1905 377 1952 sqq.

141 1974 168 2042 5)
190 1982 302 2029 ltiseldie
332 1987 358 2029 et
387 1983 504 2044 pessima
528 1983 748 2042 interpretationis
778 1983 959 2042 consectaria,
989 1984 1021 2030 sd
1047 1995 1110 2042 quae
1141 1986 1304 2032 recentiores

190 2072 372 2120 Prolestantes
394 2072 494 2132 relecta
517 2076 583 2120 omni
608 2074 761 2119 auctoritate
787 2075 889 2120 deducti
918 2077 993 2128 aunt,
1021 2075 1131 2122 historia
1159 2087 1302 2134 exegeseoe

192 2163 294 2209 abunde
306 2167 427 2222 testetur,
448 2167 474 2210 et
484 2164 534 2222 ipsi
546 2165 705 2210 cordatiores
715 2164 916 2209 Proteatantlum
928 2163 1055 2224 uueologl
1067 2177 1151 2211 amere
1161 2165 1305 2224 deplorent.

188 2249 261 2301 Coni.
279 2253 302 2313 S.
320 2253 382 2300 289.
400 2255 452 2299 not.
469 2254 495 2298 3.

139 2338 322 2408 ⁸)1ndeesr‚
343 2344 411 2402 quod
439 2345 465 2388 in
489 2344 648 2403 exponendis
670 2343 754 2390 alletia
784 2343 904 2401 biblieis,
928 2355 994 2403 quae
1020 2344 1051 2390 ed
1075 2343 1148 2392 fidem
1171 2348 1198 2392 et
1217 2357 1303 2394 mores

185 2436 335 2494 pertinent,
355 2435 510 2492 iuterpretes
535 2435 656 2482 catholici
685 2447 772 2482 omnes
794 2436 967 2494 convenient,
989 2435 1050 2482 licet
1074 2435 1101 2482 in
1127 2435 1186 2484 eliis
1214 2449 1306 2496 magus

188 2527 372 2574 sententiarum
388 2526 525 2572 diversitas
536 2526 601 2586 ipsis
618 2539 718 2585 quoque
730 2538 781 2572 non
799 2527 876 2584 desit,
893 2539 916 2574 e.
929 2539 954 2586 g.
971 2526 1028 2572 (iel.
1045 2527 1099 2586 lll.,
1119 2528 1163 2574 2⁰.
1194 2527 1304 2584 Etenim,

193 2620 221 2664 ut
238 2617 331 2662 scribit
352 2629 374 2661 s.
394 2616 600 2674 Augustinus
621 2617 646 2661 in
663 2616 740 2676 epist.
769 2617 811 2662 54.
832 2618 864 2662 ad
890 2615 1104 2677 incaenium,
1125 2629 1180 2676 cap.
1204 2619 1230 2663 2.
1252 2620 1305 2676 „ln

188 2707 352 2754 necessariis
372 2709 481 2763 unitos,
502 2707 633 2754 indubiis
654 2707 787 2765 libertus,
809 2707 974 2754 incessibus
995 2708 1117 2755 chorites
1139 2707 1302 2756 statuitur.”

140 2791 166 2858 ⁷)
188 2796 346 2857 „Scriptura
363 2797 453 2858 jedes
479 2801 521 2844 eat
544 2799 681 2852 mortuus,
708 2799 751 2857 qui
776 2809 824 2843 nec
853 2797 1008 2856 litigantium
1039 2799 1159 2858 utrinque
1188 2801 1301 2846 rationes

185 2889 283 2942 audlre‚
304 2899 351 2934 nec
367 2890 521 2936 sententiam
537 2888 594 2948 lpse
607 2888 695 2946 eloqui
705 2889 783 2933 velet.
804 2889 900 2944 Quodsi
910 2889 936 2934 in
950 2890 1059 2936 humans
1074 2889 1161 2950 aliqua
1169 2889 1302 2948 republica

184 2977 243 3024 tslie
258 2978 412 3038 judiciorum
430 2979 514 3026 torma
530 2977 785 3037 sesetpreescripts,
808 2981 836 3022 ut
857 2977 922 3022 nulli
941 2978 1148 3040 esseutjssds'ces
1167 2977 1236 3033 viui,
1254 2979 1301 3025 sed

184 3069 248 3114 solis
267 3069 377 3116 exaratis
395 3070 478 3116 literis
493 3069 670 3116 controversia
691 3065 826 3120 finiretur.
847 3072 1028 3126 praeterquam
1046 3068 1114 3128 quod
1131 3069 1214 3116 lorme
1228 3068 1298 3128 judi-

183 3159 258 3206 candi
278 3159 433 3206 stultissima
453 3165 538 3216 esset,
557 3161 642 3206 nullus
671 3163 743 3206 esset
770 3160 905 3220 ligantium
929 3156 1018 3204 linis.”
1045 3159 1158 3206 ltielch.
1180 3159 1298 3215 canoa,

183 3250 221 3295 lle
239 3249 305 3296 locis
322 3251 438 3310 theolog.
456 3251 510 3298 hlh.
528 3251 562 3296 ll.
582 3262 639 3309 esp.
656 3251 707 3296 llll.

574 3428 603 3496 §-
620 3423 674 3482 lta.
692 3423 837 3482 conclusio.

198 3555 307 3637 ltaque
322 3558 442 3620 tantum
459 3557 563 3632 abest,
587 3561 621 3620 ut
637 3557 767 3622 libertas
785 3563 816 3620 et
832 3569 1022 3642 progressus
1037 3555 1296 3620 Hermeneuticae

107 3663 243 3727 biblicae
260 3683 317 3746 per
333 3663 541 3727 authenticam
563 3665 724 3730 Ecclesiae
741 3665 915 3730 catholicae
931 3665 1219 3748 interpretationem
1237 3665 1296 3726 im·

108 3772 288 3854 pediautur,
312 3778 347 3836 ut
362 3773 468 3856 potius
485 3771 551 3854 ejus
568 3795 627 3856 ope
648 3773 800 3860 singulari
821 3775 914 3837 modo
930 3778 1183 3858 promoveantur.
1218 3775 1298 3837 Pro-

106 3881 195 3944 iecto
212 3881 395 3963 ampliorem
411 3879 442 3942 in
458 3880 568 3961 quouis
586 3881 787 3946 scientiarum
802 3902 916 3966 genere
933 3882 1102 3948 excolende
1119 3881 1297 3947 libertatem

106 3989 272 4070 requirere
287 4010 349 4052 non
365 3994 472 4071 potes,
495 4009 587 4070 quam
602 3994 638 4052 nt
653 3996 786 4054 mentem
800 3995 886 4054 tuam
908 3991 1047 4054 excussis
1065 3991 1187 4056 cunctis
1204 4011 1298 4073 prae·

102 4096 235 4180 judiciis
254 4115 290 4159 ac
308 4095 449 4161 erroneis
463 4097 619 4160 hominum
637 4099 834 4181 opinionibus
850 4099 910 4162 soli
926 4098 1053 4162 veritati
1070 4098 1223 4182 subjicere
1241 4121 1297 4162 co·

107 4205 217 4290 garis3
252 4225 310 4268 uec
338 4201 486 4286 majorem
503 4205 668 4290 disciplina
684 4206 810 4290 quaevis
833 4207 1058 4292 perfectionem
1082 4207 1221 4292 aspirare
1235 4228 1295 4290 po·

106 4318 190 4396 test,
215 4333 306 4396 mam
322 4320 357 4378 ut
372 4314 412 4378 ad
428 4333 557 4394 scopum
572 4313 739 4398 praefixum
756 4315 903 4383 adhibitis
927 4316 1115 4399 aptissimis,
1140 4335 1218 4398 quae
1240 4315 1296 4376 ba-

106 4421 178 4485 beri
194 4427 344 4502 possunt,
366 4421 516 4486 subsidiis
531 4421 668 4488 feliciter
683 4424 852 4508 pertingat.
897 4423 966 4489 lam
992 4423 1230 4488 llermeneutica
1245 4421 1294 4482 hi-

106 4529 208 4606 blica,
234 4527 325 4611 eujus
339 4534 390 4592 esi
404 4527 570 4612 genuinum
587 4531 870 4614 hagiographorum
890 4549 1013 4592 senem
1028 4531 1189 4607 omnibus,
1214 4550 1293 4611 quiae

107 4642 236 4719 praesto
254 4642 339 4714 sulit,
356 4635 550 4700 adminiculis
567 4637 627 4701 rite
643 4637 807 4719 applicatis
824 4659 945 4717 cruere,
962 4639 990 4700 si
1007 4659 1075 4700 cum
1092 4636 1213 4721 legibus
1231 4637 1294 4698 sci·
