3190 5290
249 471 292 538 lv

253 696 320 770 bus
340 696 477 794 patriae
496 722 597 773 meae
616 695 812 770 'lirolensis
838 694 884 768 ad
909 693 978 768 boc
1003 693 1157 769 studium
1183 716 1265 766 csse
1291 701 1443 766 tractum

250 843 320 897 non
340 823 556 918 negaverim.
593 822 683 897 Cum
709 823 852 896 tandem
878 819 1034 893 limatius
1060 817 1191 916 aliquid
1217 817 1439 893 inmanibus

251 948 334 1022 mibi
354 975 435 1024 esse
453 949 652 1040 videretur,
681 959 786 1045 atque
812 949 856 1020 de
882 971 992 1044 opera
1010 971 1090 1022 mea
1115 946 1161 1021 ad
1181 944 1302 1020 Studii
1320 946 1441 1022 'Pboo-

250 1073 360 1174 logici
379 1101 422 1150 eo
441 1086 601 1174 tempore
620 1075 855 1164 Directorem,
882 1073 971 1146 Rev.
989 1073 1037 1146 Ι).
1056 1071 1250 1172 Joscpbum
1263 1071 1440 1148 Pletnium

250 1199 443 1291 referrem,
478 1203 510 1276 is
537 1203 665 1278 iterato
692 1197 847 1289 monuit,
877 1210 917 1274 ut
945 1198 1070 1298 quibus
1096 1196 1182 1272 olim
1205 1223 1317 1289 voca,
1345 1226 1440 1276 nunc

250 1327 397 1429 scriptis
415 1329 633 1427 prodessem.
661 1329 793 1402 Nescio
815 1353 883 1426 quo
902 1337 1009 1424 pacto
1028 1350 1087 1398 res
1105 1323 1318 1423 aliquamdiu
1337 1321 1438 1426 quic-

250 1465 363 1546 verat,
393 1479 474 1530 cum
492 1481 605 1531 novus
632 1481 752 1530 rerum
773 1454 862 1528 ordo
881 1450 1099 1552 reipublicae
1118 1445 1288 1556 cirilisffiet
1322 1453 1442 1528 eccle-

250 1581 442 1670 siasticae,
472 1579 532 1681 qui
562 1593 722 1683 tempore
748 1580 996 1655 recentissimo
1022 1578 1177 1669 emersit,
1204 1604 1261 1654 me
1280 1581 1440 1682 ejusdem

248 1709 512 1784 resuscitandas
531 1719 638 1812 atque
656 1709 735 1782 usui
753 1707 893 1808 publico
908 1705 1108 1782 offerendae
1126 1703 1253 1780 fortius
1266 1719 1438 1782 moneret.

356 1832 447 1910 (lum
472 1835 567 1910 enim
592 1833 658 1912 snb
684 1835 941 1932 gloriosissimo
966 1831 1141 1932 regimine
1165 1832 1350 1908 Francisci
1373 1833 1438 1908 Jo-

246 1962 348 2062 s'cpbi
375 1961 423 2054 1.,
453 1988 559 2062 quom
577 1963 676 2038 Deus
696 1962 755 2038 diu
773 1962 908 2036 salvum
927 1960 1209 2058 incolumemque
1237 1970 1437 2050 conservet,

245 2116 317 2164 non
336 2089 451 2164 solum
477 2087 684 2162 liberalibus
711 2088 845 2161 artibus
870 2112 914 2160 ac
942 2085 1101 2162 scientiis
1129 2087 1376 2186 promovendis
1401 2096 1438 2162 ct

245 2213 450 2292 excolendis
463 2213 680 2312 singularem
698 2238 821 2288 curam
838 2213 992 2312 impendi
1010 2212 1179 2300 viderem,
1194 2238 1315 2288 vemm
1334 2213 1439 2288 etiam

245 2339 543 2420 Reverendissimi
560 2342 761 2426 Praesulcs‚
792 2364 881 2437 quos
899 2338 935 2412 in
954 2340 1061 2416 terris
1086 2338 1271 2414 austriacis
1297 2340 1440 2440 Spiri-

245 2477 318 2544 tus
345 2492 376 2542 s.
404 2467 566 2566 posuit
593 2467 852 2566 Episcopus
878 2491 1038 2566 regere
1058 2467 1318 2542 Ecclesiam
1342 2466 1436 2554 Dei,

247 2619 361 2693 nuper
393 2593 531 2692 publice
558 2593 714 2693 professi
748 2591 820 2668 sint
850 2593 950 2682 fore,
978 2604 1040 2682 ut,
1070 2593 1174 2691 plena
1206 2591 1436 2670 institutionis

242 2719 467 2820 theologicae
493 2719 659 2796 libertate
695 2734 930 2821 recuperata,
959 2721 1099 2796 cultura
1123 2719 1352 2794 scientiarum
1377 2744 1440 2794 sa·

246 2871 392 2924 orarum
405 2847 453 2922 ad
472 2847 604 2944 primas
622 2847 867 2925 sollicitudinis
891 2873 1015 2924 eorum
1035 2845 1221 2944 pastoralis
1238 2855 1359 2946 partes
1377 2871 1438 2919 re-

246 2972 390 3063 letatur,
417 2997 487 3071 ego
506 2998 623 3050 meum
643 3000 724 3050 esse
743 2977 837 3068 duxi,
864 2974 1195 3060 Hermencuticam,
1227 2998 1331 3072 quam
1363 2971 1441 3046 elu-

247 3095 403 3187 cubravi,
425 3100 502 3175 sine
519 3126 622 3176 moro
640 3101 735 3203 typis
759 3101 989 3201 impressam,
1018 3111 1098 3176 utut
1119 3099 1313 3174 subsidium
1333 3108 1440 3173 tenue

249 3229 293 3302 ad
313 3227 400 3302 fines
418 3227 508 3304 adeo
527 3227 696 3304 sublimes
716 3228 894 3305 conferre.

357 3352 493 3442 Quodsi
511 3354 630 3452 agitur
649 3356 693 3431 de
714 3357 875 3445 consilio,
904 3380 973 3454 qno
997 3351 1274 3427 Hcrmcncutica
1305 3353 1395 3428 baec
1421 3373 1443 3422 a

248 3505 306 3558 mc
335 3481 536 3578 conscripta
562 3481 630 3570 sit,
672 3482 788 3579 ipsum
823 3490 1070 3578 argumentum
1100 3482 1319 3577 respondet:
1352 3502 1443 3552 con·

250 3606 368 3695 tendi,
404 3613 445 3680 ut
472 3603 611 3703 legibus
637 3605 911 3697 universalibus,
946 3631 968 3678 a
1000 3606 1124 3704 quibus
1164 3606 1352 3704 explicatio
1382 3629 1445 3680 cu·

244 3732 360 3835 j'usvis
383 3729 465 3808 libri
491 3729 638 3806 humani
655 3733 797 3828 pendet,
826 3733 1014 3832 peculiaris
1041 3761 1178 3834 quoque
1207 3733 1324 3823 ratio,
1354 3755 1443 3829 quac

251 3856 467 3936 sublimioris
498 3882 530 3932 s.
559 3856 770 3954 scripturae
795 3858 949 3951 indolis,
983 3861 1196 3960 praesertim
1223 3861 1301 3962 ejus
1330 3856 1444 3932 intimi

252 4010 334 4060 cum
353 3981 556 4083 magisterio
585 3993 622 4059 et
649 3985 810 4062 doctrina
828 3987 1014 4063 Ecclesiae
1037 3987 1232 4064 catholicae
1251 4009 1361 4060 nexus
1379 3985 1444 4056 ba-

251 4110 367 4188 bendo
385 4118 453 4198 est,
473 4105 679 4207 disciplinae
697 4111 776 4210 lege
794 4114 908 4190 amice
927 4114 1184 4190 conciliaretur.
1206 4114 1318 4204 Quem
1337 4111 1444 4185 finem

255 4247 372 4316 utrum
401 4233 601 4334 attigerim,
638 4238 764 4314 lectori
784 4241 1013 4343 judicandum
1046 4241 1253 4339 relinquitur
1262 4265 1279 4328 ς’
1310 4242 1447 4316 auctori

256 4374 374 4442 autem
402 4387 548 4438 monere
574 4363 701 4454 liceat,
721 4392 791 4442 non
816 4367 921 4442 sanilo
945 4369 982 4442 in
1009 4368 1077 4443 isto
1108 4392 1217 4465 opere
1238 4363 1447 4454 desiderari,

258 4513 348 4592 quae
386 4489 430 4563 ad
459 4489 704 4588 complendum
734 4494 771 4568 id
804 4494 1025 4590 pertineant,
1068 4519 1196 4591 resque
1228 4491 1325 4568 facili
1357 4517 1448 4566 nexu

259 4641 373 4719 eoque
392 4613 544 4694 diluculo
564 4641 646 4694 sese
666 4620 840 4718 excipere.
