3092 5286
241 441 318 518 11⁸2

236 621 317 685 enim
334 618 545 685 consideratio
562 617 718 698 auctoris,
743 637 804 701 qua
827 637 937 684 sensns
954 619 1129 702 exploratio
1146 620 1361 686 diversimode
1376 623 1428 686 ad-

230 729 374 813 juvatur,
398 729 471 810 quia
487 728 641 790 dictorum
657 727 802 790 notiones
819 747 855 790 ac
872 729 1063 810 sententiae,
1087 729 1115 792 si
1132 749 1169 792 ex
1184 729 1322 793 laudatis
1339 751 1430 813 prae·

235 837 326 901 sidiis
342 837 476 899 nondum
492 835 570 898 satis
587 831 734 898 delinitae
747 839 779 898 et
791 839 976 918 perspectae
992 839 1074 914 suut,
1091 841 1179 900 reete
1197 859 1266 900 cum
1283 838 1430 920 loquente

237 949 474 1029 comparantur,
499 947 531 1006 et
552 949 646 1025 prout
668 943 698 1008 ei
721 943 924 1021 conveniunt,
948 950 1159 1008 assumuntur.
1190 944 1234 1008 Ut
1254 965 1333 1008 vero
1356 948 1430 1010 haec
1524 989 1525 1030 3

237 1052 431 1135 comparatio
459 1052 582 1116 institui
608 1051 726 1134 possit,
761 1051 920 1136 interpres
946 1057 1018 1116 ante
1046 1053 1148 1116 omnia
1180 1054 1260 1117 sciat
1294 1060 1430 1136 oportet,

239 1179 326 1242 quoe
348 1163 394 1224 sit
414 1177 562 1244 persono
585 1160 730 1241 loquens.

309 1357 338 1426 s.
356 1351 400 1414 tt.
416 1351 548 1414 dnouodo
565 1353 757 1426 amarentur,
774 1365 907 1426 quasnam
923 1353 963 1411 stt
978 1353 1006 1410 tn
1022 1352 1139 1425 dagnus
1155 1351 1219 1411 lltrl
1234 1354 1365 1425 numus

702 1461 821 1522 persona
836 1448 969 1522 loqusmt

328 1575 414 1640 llaec
437 1576 576 1662 cognitio
600 1596 638 1640 en
660 1573 771 1657 majori
794 1595 863 1638 cunr
888 1573 1019 1638 solertia
1045 1576 1253 1657 comparanda
1280 1581 1348 1656 est,
1372 1597 1430 1658 quo

242 1683 448 1766 frequentius,
467 1685 634 1766 praecipue
651 1684 682 1746 in
697 1681 788 1746 libris
803 1684 842 1746 Α.
853 1683 903 1761 Τ.,
920 1702 1073 1765 personae
1088 1682 1253 1764 loquentes
1265 1689 1433 1762 mutantur,

238 1791 313 1876 quin
328 1792 431 1856 lector
446 1797 612 1856 moneatur
624 1788 665 1876 ¹).
699 1791 748 1856 Nc
772 1792 878 1872 itaque
900 1791 932 1852 in
955 1791 1121 1854 statuenda
1135 1809 1272 1872 persona
1286 1791 1433 1874 loquente

247 1901 347 1965 minus
369 1905 457 1965 recte
481 1901 633 1983 procedat
655 1900 828 1982 interpres,
853 1917 1029 1961 monemus:

331 2011 361 2073 1.
387 2009 566 2074 Generatim
582 2011 693 2072 auctor
707 2007 782 2070 libri
797 2005 847 2070 vel
863 2005 973 2090 partis,
998 2025 1088 2086 quae,
1110 2005 1158 2067 uti
1178 2005 1296 2090 singuli
1312 2008 1433 2088 psalmi,

240 2123 343 2182 totum
359 2118 486 2200 aliquod
502 2117 682 2194 constituit,
703 2135 877 2180 sermonem
893 2113 997 2178 lacere
1014 2115 1186 2178 censendus
1203 2120 1265 2178 est.

330 2229 362 2290 2.
387 2225 423 2288 si
440 2224 524 2288 dieta
540 2224 690 2306 quaedam
706 2244 767 2286 nou
783 2223 821 2285 ab
838 2221 908 2304 ipso
925 2225 1055 2286 anctore
1071 2241 1141 2285 esse
1158 2227 1361 2302 asseruntur,
1379 2224 1432 2286 sed

241 2333 281 2396 ab
304 2333 366 2396 alio
388 2333 528 2416 prolata,
551 2334 585 2395 id
605 2332 734 2414 probari
754 2332 864 2408 debet,
891 2331 957 2396 sive
979 2337 1192 2417 argumentum
1209 2333 1248 2395 ab
1266 2334 1433 2416 expressis,

241 2441 354 2523 quibus
370 2441 402 2503 id
418 2439 583 2504 annunciat
603 2443 714 2502 unctor
736 2439 820 2522 ipse,
843 2437 948 2502 verbis
964 2434 1013 2526 ¹),
1036 2438 1103 2504 sive
1125 2460 1162 2503 ex
1184 2439 1338 2503 orationis
1362 2462 1436 2504 con-

245 2550 364 2612 ditione
381 2555 412 2614 et
431 2545 659 2634 cogitationum
676 2547 758 2612 serie
774 2552 901 2630 petatur
913 2546 956 2633 ³).

333 2662 366 2724 3.
390 2658 452 2722 Ubt
475 2677 609 2740 persona
633 2656 765 2738 loquens
792 2677 861 2720 cum
888 2654 1074 2720 dillieultate
1090 2657 1227 2735 eruitur,
1260 2658 1436 2736 considera,

243 2765 295 2828 cui
310 2785 462 2847 personae
482 2763 612 2830 materia
633 2768 665 2828 et
684 2763 785 2828 forma
810 2763 992 2844 conveniat3
1015 2764 1172 2828 interdum
1194 2784 1232 2828 ex
1252 2783 1315 2828 una
1336 2765 1437 2847 aliqua

243 2875 399 2938 sententia
415 2894 472 2956 pro
489 2875 613 2960 integra
628 2873 770 2938 sectione
786 2873 887 2937 lucem
904 2873 1009 2955 capies
1021 2869 1065 2959 ⁴).

334 2983 428 3046 Circa
443 3003 607 3068 personam
623 2982 803 3066 loquentem
819 2986 984 3064 praeterea
999 2985 1128 3044 notant:

334 3092 376 3176 a)
400 3093 571 3171 Auctorem
600 3107 826 3172 nonnumquam
854 3088 977 3152 nomine
1005 3089 1138 3152 aliorum
1164 3089 1262 3171 loqui.
1297 3088 1382 3152 Num
1408 3089 1437 3150 id
1493 3123 1495 3132 ι

241 3201 404 3281 obveniat,
429 3198 526 3262 statui
543 3199 666 3286 nequit,
691 3199 752 3262 nisi
768 3199 890 3262 ratione
907 3197 1014 3262 habita
1030 3198 1202 3278 dictorum,
1220 3218 1300 3279 quae
1317 3197 1437 3261 auctori

239 3309 304 3372 soli
320 3308 506 3372 conveniunt
522 3312 576 3379 aut
592 3312 783 3392 repugnant,
805 3312 858 3370 aut
875 3307 986 3370 saltem
1003 3307 1145 3390 pluribus
1162 3307 1316 3388 quadrant
1329 3307 1373 3392 ὅ).

333 3418 372 3501 b)
395 3418 496 3481 l’orro
513 3417 595 3483 haud
611 3436 720 3503 parum
737 3412 933 3478 difficultatis
949 3415 981 3478 iu
1007 3436 1044 3478 eo
1069 3421 1134 3494 est,
1157 3421 1193 3478 ut
1215 3416 1438 3478 determinetur

242 3523 359 3602 ubivis,
384 3544 445 3605 qno
470 3524 541 3587 loeo
567 3523 650 3590 dieta
675 3522 832 3604 loquentis
856 3521 921 3604 jam
945 3541 1098 3604 personae
1116 3523 1273 3602 desinant,
1299 3521 1437 3602 aliusque

242 3631 318 3694 dein
346 3631 507 3713 incipiant.
542 3633 629 3710 Quae
658 3631 696 3698 (te
724 3651 760 3695 re
787 3631 901 3696 iterum
923 3629 1034 3716 regula
1058 3630 1119 3694 alia
1134 3629 1232 3694 statui
1246 3631 1297 3693 vix
1312 3629 1439 3712 poterit,

243 3759 354 3820 quam:
380 3739 555 3802 continuari
577 3757 729 3820 personae
748 3737 813 3821 jam
830 3739 988 3820 loquentis
1004 3739 1114 3818 verba,
1141 3740 1241 3801 donee
1257 3738 1325 3800 sive
1341 3742 1437 3799 mate·

243 3848 292 3910 ria
307 3848 373 3912 sive
389 3847 489 3910 forma
501 3847 656 3910 dictorum
672 3852 809 3916 mutatae
825 3867 978 3931 personae
994 3847 1148 3911 rationem
1164 3845 1384 3910 subministrat
1396 3845 1436 3932 ⁸).

242 3957 327 4020 Sauo
348 3960 452 4019 autem
468 3957 651 4038 interpretis
662 3955 784 4040 jndicio
800 3957 1009 4040 prudentique
1024 3957 1156 4022 lectoris
1175 3955 1283 4022 sensui
1300 3975 1360 4038 pro
1376 3955 1437 4018 sin·

242 4065 327 4150 gulis
343 4063 424 4127 loeis
439 4064 532 4146 plura
546 4063 749 4146 relinquenda
764 4069 847 4128 suut.

270 4189 625 4256 ¹)1tontnsnns1’satunn
646 4195 714 4256 CX„
744 4193 771 4245 iu
798 4206 849 4254 <luo
877 4195 953 4241 modo
980 4196 1071 4242 suntor
1089 4193 1202 4242 llarides
1221 4192 1345 4240 llssslam
1364 4193 1437 4250 canit,

315 4286 390 4332 modo
404 4286 474 4334 Deus
487 4287 545 4345 ipsa
557 4285 625 4332 illum
638 4284 790 4350 alloquitor,
809 4286 869 4344 quin
887 4286 996 4332 mutatio
1016 4297 1145 4346 personae
1159 4285 1291 4344 loquentis
1305 4284 1437 4330 indicetur.

268 4370 295 4438 ²)
315 4376 360 4423 sle
378 4377 405 4423 in
424 4376 488 4424 libro
507 4377 585 4432 lobi,
606 4377 630 4421 si
648 4389 700 4422 non
720 4379 810 4426 auctor
828 4375 959 4436 loquitur,
980 4377 1027 4424 sed
1045 4377 1125 4422 rerba
1143 4375 1205 4434 Del,
1225 4375 1351 4436 Satanae,
1371 4373 1435 4426 loti,

315 4469 453 4514 amicorum
470 4481 527 4514 eum
544 4467 703 4513 visitantium
721 4466 861 4516 aliorumve
880 4469 1045 4525 referuntur,
1065 4467 1092 4512 ld
1111 4477 1237 4526 expresse
1261 4467 1350 4511 notari
1369 4467 1438 4512 solet·

266 4553 558 4620 ⁸)lodelcn.uv1ll,
587 4560 612 4606 3.
641 4559 730 4616 Quare
741 4557 942 4619 jejunaremus,
963 4561 989 4605 st
1006 4571 1060 4604 nors
1080 4555 1220 4621 aspexisti,
1242 4557 1435 4606 humiliavimus

314 4650 420 4698 animos
433 4654 560 4707 nostros,
583 4653 609 4698 et
621 4644 755 4701 nescisti?
775 4649 845 4698 Ecce
857 4647 885 4702 ts
900 4647 1049 4710 diejejrmii
1060 4647 1149 4697 vestri
1160 4635 1297 4696 invenitur
1316 4649 1435 4695 coloratas
