3112 5284
1208 409 1286 482 269

102 589 302 671 definimcdus
314 597 345 653 ct
360 588 589 651 illustrandae.
604 585 639 650 ld
654 587 752 672 magis
762 587 860 650 adhuc
876 587 1146 671 perspicuumst,
1163 585 1191 648 si
1207 585 1284 648 doc-

102 698 198 762 trinae
214 691 346 760 bilolicae
370 695 510 776 indoles,
538 695 621 778 quod
645 701 767 779 spectat
782 695 942 760 materiam
960 695 1153 775 etlormam,
1180 701 1284 760 atten-

100 808 160 870 tius
177 806 395 870 consideratur
412 809 444 868 et
460 825 529 868 cum
546 803 691 869 doctrina
706 804 862 868 catholica
878 803 909 867 in
926 805 994 868 sinu
1011 804 1172 870 Ecclesiae
1186 808 1285 890 depo·

103 911 161 979 sita
182 917 387 998 comparatur.

186 1024 219 1087 S.
244 1023 428 1106 Scriptura,
455 1041 534 1106 quae
555 1022 651 1086 variis
677 1021 920 1085 circumstantiis
947 1025 979 1084 et
1002 1021 1182 1106 indigentiis
1202 1019 1283 1085 fide-

98 1130 169 1194 lium
195 1131 347 1217 originem
369 1130 479 1210 debet,
504 1135 536 1194 et
559 1128 823 1212 praedicationem
841 1129 1063 1212 Apostolorum
1091 1149 1147 1192 ore
1168 1130 1282 1194 iactam

100 1240 259 1324 supponit,
282 1239 328 1304 ita
344 1245 523 1322 comparata
541 1245 606 1322 est,
629 1243 664 1302 ut
686 1239 777 1322 plura
800 1240 838 1302 ad
854 1237 1037 1323 religionem
1053 1239 1227 1321 spectantia
1242 1259 1282 1302 ns

102 1351 267 1434 tangantur
283 1345 422 1430 quidem,
442 1347 503 1411 alia
517 1369 593 1411 vero
609 1352 786 1432 tangantur,
803 1353 834 1411 at
850 1347 950 1410 minus
966 1352 1113 1410 accurate
1131 1351 1162 1410 et
1181 1347 1285 1412 obiter

100 1461 232 1536 tantum,
254 1457 301 1521 ita
316 1461 352 1520 ut
368 1457 445 1521 satis
463 1457 595 1521 obscura
618 1462 650 1520 et
669 1457 813 1542 ambigua
828 1453 1053 1540 relinquantur.
1070 1455 1142 1519 Alia
1157 1457 1281 1540 quidem

100 1563 222 1650 saepius
242 1569 426 1647 recurrunt,
449 1564 512 1628 imo
529 1564 756 1650 quodammodo
774 1565 982 1648 explicantur,
1006 1584 1069 1627 non
1083 1569 1187 1630 nmen
1203 1563 1283 1629 ded-

98 1675 222 1738 ninntur
235 1675 291 1753 ite,
309 1679 343 1737 nt
359 1676 398 1738 de
413 1693 488 1766 vero
506 1691 599 1738 sensu
612 1671 715 1737 dubiis
729 1677 762 1736 et
776 1671 885 1736 litibus
900 1673 990 1736 locus
1006 1693 1068 1736 non
1083 1674 1185 1736 detur.
1202 1673 1282 1757 scy-

96 1783 143 1846 lus
169 1787 218 1848 est
241 1803 337 1868 saepe
351 1781 490 1869 vulgaris
513 1786 547 1846 et
572 1787 635 1847 tam
657 1801 766 1866 parum
788 1785 915 1845 exactus
933 1784 966 1844 et
984 1781 1022 1843 ad
1045 1781 1181 1865 rigorem
1197 1781 1281 1864 logi-

96 1909 160 1974 cum
182 1889 402 1974 compositus,
429 1894 464 1953 ut
487 1890 557 1954 sine
580 1889 706 1972 praevia
726 1907 830 1952 rerum
858 1888 1038 1972 cognitione
1065 1887 1282 1972 expressiones

96 2004 178 2064 recte
201 1997 339 2085 intelligi
360 1997 484 2062 minime
507 1997 631 2080 possint
653 1996 726 2084 (ss.
752 1999 826 2061 108.
845 1997 942 2082 135).
971 1997 1092 2060 Adsunt
1114 2001 1280 2080 praeterea

95 2108 206 2174 diversi
220 2107 350 2195 generis
366 2105 686 2188 accommodationes,
702 2105 841 2190 aquibus
857 2107 895 2169 ad
911 2105 1009 2190 ipsam
1021 2103 1183 2191 religionis
1199 2107 1277 2169 doc-

95 2216 202 2280 trinam
216 2213 364 2280 concludi
378 2215 503 2282 minime
519 2220 627 2298 potest
653 2211 704 2301 (S.
724 2216 819 2300 121).
836 2213 958 2292 Quodsi
972 2232 1046 2297 pars
1062 2235 1099 2278 ex
1113 2217 1202 2293 toto,
1219 2215 1277 2278 olo-

94 2341 180 2389 scnra
203 2343 243 2390 ex
266 2323 471 2402 clarioribus,
493 2323 615 2387 incerta
630 2315 663 2387 et
679 2323 820 2408 ambigua
836 2343 873 2386 ex
889 2324 986 2388 certis
1010 2343 1046 2386 ec
1065 2323 1281 2388 determinatis

97 2433 331 2516 explicationem
349 2436 381 2496 et
396 2429 683 2497 determinationem
705 2432 877 2516 accipiunt,
904 2431 1070 2516 profecto,
1093 2432 1120 2496 si
1136 2433 1280 2496 doctrina

96 2539 229 2620 biblica,
261 2539 315 2620 aa,
341 2561 401 2624 qua
417 2539 564 2620 diximus,
588 2537 709 2604 ratione
734 2540 913 2625 proposita,
938 2561 1007 2604 cum
1031 2541 1176 2624 deposito
1192 2537 1280 2618 lidei,

97 2651 177 2730 quod
199 2650 353 2734 integram
376 2648 538 2714 doctrinae
563 2648 735 2714 catholicae
758 2668 923 2729 summam,
947 2647 1103 2713 infallibili
1119 2647 1281 2713 Ecclesiae

93 2757 275 2845 lla-gislerio
292 2756 480 2822 declaratam
497 2763 528 2820 et
545 2754 718 2836 delinitam,
741 2759 896 2837 continet,
922 2758 1100 2839 confertur,
1132 2757 1203 2822 lieri
1217 2779 1279 2822 uon

93 2871 212 2950 potest,
239 2867 314 2951 quin
330 2869 388 2930 aaa
405 2865 574 2930 collatione
589 2885 642 2943 ea,
658 2883 738 2947 quae
753 2865 785 2927 in
803 2865 969 2948 Scriptura
985 2885 1092 2928 manca
1107 2870 1211 2930 extent
1223 2874 1277 2929 ant

92 2976 180 3058 plane
196 2975 319 3053 desint,
336 2975 556 3058 suppleantur,
579 2991 657 3056 quac
673 2977 843 3056 propterea
858 2973 907 3038 vel
922 2993 1113 3056 quacumque
1130 2975 1169 3036 de
1185 2994 1279 3038 causa

94 3081 227 3148 obscure
241 3083 314 3162 sint,
323 3083 532 3164 illustrentur,
546 3102 626 3165 quae
638 3081 758 3147 incerta
770 3088 802 3146 et
814 3082 956 3167 ambigua
967 3087 1145 3159 occurrent,
1153 3081 1280 3146 iirmeu-

93 3198 144 3256 tur
159 3212 194 3256 ac
211 3191 475 3270 determinentur,
492 3192 537 3256 ita
553 3196 587 3254 nt
602 3189 680 3254 fides
696 3189 857 3255 Ecclesiae
872 3213 930 3276 pro
946 3192 1015 3257 vieo
1029 3211 1065 3254 ac
1081 3197 1235 3276 perpetuo
1252 3211 1280 3253 s.

92 3299 279 3384 Scripturas
302 3301 523 3366 commentario
546 3300 685 3366 habenda
708 3299 749 3364 slt
762 3299 803 3384 ¹).

179 3411 326 3472 Attamen
339 3408 422 3490 quod
438 3408 570 3472 diximus
586 3409 625 3472 de
649 3407 845 3493 supplendis,
863 3406 989 3491 quaein
1005 3407 1149 3472 doctrina
1164 3407 1278 3471 biblica

91 3515 191 3583 minus
207 3516 299 3600 plene
316 3520 348 3579 et
367 3520 514 3580 accurate
538 3515 712 3596 habentur,
741 3537 810 3579 curn
826 3517 971 3579 cantione
986 3515 1202 3599 applicandum
1219 3521 1278 3580 est.

91 3623 215 3690 Etenim
231 3623 285 3689 ubi
297 3643 387 3689 sacer
402 3629 515 3689 auctor
525 3630 633 3709 aperte
648 3645 707 3708 pro
724 3625 795 3690 data
812 3624 976 3690 occasione
993 3629 1025 3689 et
1040 3623 1196 3710 exigentia
1211 3624 1279 3690 lec·

91 3737 197 3797 turum
223 3731 372 3816 majorem
388 3731 488 3796 solum
510 3733 699 3798 minoremve
725 3733 903 3815 doetrinae,
928 3733 967 3796 de
986 3753 1046 3816 qua
1060 3733 1135 3818 agit,
1158 3739 1280 3818 partem

92 3841 222 3906 tradere
242 3841 358 3918 voluit,
380 3840 505 3907 minime
526 3841 612 3922 licet,
635 3847 734 3906 totam
750 3841 923 3908 doctrinam
940 3863 977 3906 ex
993 3841 1169 3924 apostolica
1183 3863 1277 3926 prac-

91 3948 250 4013 dicatione
267 3949 438 4012 desumtam
454 3950 527 4012 dato
540 3947 611 4012 loco
625 3950 807 4013 attribuere.
824 3948 859 4012 ld
875 3957 958 4013 esset
973 3969 1098 4014 sensum
1114 3950 1231 4012 inferre
1247 3951 1279 4012 in

90 4073 116 4118 s.
140 4061 278 4134 textum,
299 4075 361 4119 non
377 4055 590 4140 interpretari.
612 4057 728 4137 Fides,
752 4062 896 4140 quaeest
917 4057 949 4119 in
966 4057 1106 4121 Ecclesia
1123 4057 1280 4122 catholica

90 4164 254 4247 deposita,
270 4165 328 4227 tali
345 4165 375 4227 in
390 4163 464 4229 loco
482 4165 626 4228 consulta
640 4166 672 4228 id
688 4170 844 4248 praestat,
863 4172 898 4228 ut
912 4165 1123 4252 intelligatur,
1144 4168 1183 4230 ed
1200 4167 1279 4250 dog·

91 4291 151 4351 ma,
168 4271 286 4358 dequo
304 4293 406 4337 sermo
425 4278 484 4352 est,
501 4273 591 4357 plene
604 4279 635 4337 et
647 4278 792 4336 accurate
804 4275 1052 4359 cognoscendum
1068 4275 1099 4337 in
1116 4275 1189 4338 dato
1207 4275 1277 4337 loco

90 4399 151 4443 noo
165 4399 236 4444 esse
257 4381 508 4460 subsistendum,
526 4384 581 4446 sed
598 4381 818 4464 perfectiorem
840 4379 908 4465 ejus
924 4383 1066 4446 notitiam
1082 4381 1205 4444 aliunde
1221 4403 1278 4464 pe·

89 4490 217 4552 tendam
227 4537 237 4571 ,
256 4495 287 4552 et
305 4495 339 4552 ut
360 4488 487 4574 cognita
508 4490 629 4574 integra
646 4487 789 4554 doctrina
812 4489 905 4554 etiam
925 4511 998 4571 pars
1016 4489 1174 4570 ejusdem,
1199 4508 1278 4572 quae

89 4596 258 4681 attingitur
273 4595 323 4660 vel
339 4595 442 4658 obiter
462 4601 636 4676 tractatur,
663 4595 839 4658 illustretur
855 4601 887 4659 et
903 4595 1162 4681 cognoscatur2).
