3118 5282
1220 427 1299 502 357

140 599 168 670 ⁸)
187 605 214 653 S.
234 607 370 654 i'bomas
388 608 440 666 Aq.
464 609 491 654 et
513 619 536 654 s.
562 607 808 667 Messenioni,
828 607 985 666 i'bsoiopias
1000 607 1174 654 soboisstiess
1188 608 1294 662 addicti.

188 697 297 755 piurima
328 696 425 754 scripta
448 697 646 757 elucubrarunt,
678 697 746 743 inter
769 709 836 756 quae
858 698 989 757 exegetica
1015 708 1130 756 magnam
1150 703 1250 756 partem
1268 711 1299 744 er

186 787 372 846 antiquioribus
394 788 500 843 bsusts,
518 789 600 846 napis
619 787 720 848 quinem
740 789 831 834 sensui
852 788 961 846 mystico
978 799 1052 847 qosm
1069 788 1193 834 historico
1213 789 1297 847 inqui-

183 878 264 924 rendo
283 889 388 935 operam
406 881 517 937 navantq
537 877 614 924 sinui
638 889 700 924 vero
719 879 780 924 dats
801 878 940 925 occasione
964 877 1077 924 diversis
1104 877 1298 936 quaestionibus

184 967 335 1026 dogmaticis
353 968 524 1024 ventilandis,
544 970 570 1014 et
590 969 730 1028 praecipue
752 969 815 1014 iocis
833 967 934 1014 biblicis
952 969 984 1015 ad
1005 967 1139 1015 excitsntis
1158 969 1200 1027 pia
1222 968 1298 1014 animi

185 1071 262 1104 sensa
287 1063 313 1104 et
340 1071 425 1106 mores
453 1059 604 1106 iormausios
628 1059 792 1118 applicandis
811 1058 876 1104 bene
902 1061 980 1119 atque
1004 1059 1107 1105 utiliter
1129 1063 1298 1117 occupentur.

184 1149 222 1194 iix
242 1149 366 1208 operibus
393 1149 531 1196 'ihomas
557 1150 606 1196 boc
626 1149 684 1196 ioco
709 1149 822 1196 notanda
842 1149 964 1195 vsniuuts
983 1147 1125 1211 Repositio
1149 1147 1179 1195 isa
1200 1146 1298 1194 tibrum

182 1238 250 1299 lob,
278 1239 307 1286 iss
326 1240 347 1286 b
364 1239 473 1303 priores
492 1239 635 1298 Pontinos,
656 1239 685 1286 iss
706 1239 843 1287 Cutinam
864 1239 1052 1294 canticoram,
1072 1249 1152 1299 porro
1168 1237 1294 1285 istosn-

183 1342 243 1376 ssess
261 1334 288 1376 st
313 1329 341 1376 iss
360 1341 451 1378 osssses
477 1329 559 1378 rasis
584 1329 723 1392 epistolas.
768 1329 855 1390 opera
875 1329 1009 1388 exegetica
1035 1329 1292 1376 bonaventurae

155 1449 157 1456 ·
181 1425 367 1468 recensenturs
387 1421 530 1482 &positio
547 1421 576 1468 iss
591 1420 789 1481 iimoemeroe,
808 1420 837 1467 iss
853 1420 988 1480 Pssissos,
1008 1419 1037 1466 iss
1053 1418 1247 1475 Ecclesium,
1269 1418 1297 1466 in

183 1508 281 1556 librum
293 1508 456 1574 Sapientiae,
471 1510 500 1557 in
512 1509 728 1558 Lamentationes
740 1509 887 1568 Ieremia,
907 1509 935 1556 in
949 1509 1034 1571 Oopst
1049 1509 1092 1554 Vi.
1113 1507 1252 1561 Mattiaci,
1269 1508 1298 1554 iss

182 1599 356 1660 Ecssqeiissns
364 1601 452 1647 Lucae
462 1605 488 1647 et
499 1600 527 1648 iss
535 1599 708 1662 Euespeiiasns
714 1599 839 1654 Ioannis,
851 1612 916 1660 quae
927 1600 1060 1658 posterior
1068 1598 1183 1645 Poetilio
1192 1599 1297 1645 dicitur.

130 1697 158 1765 ⁴)
178 1707 304 1753 suctores
325 1705 490 1754 eotenus-sim
510 1707 578 1767 quoii
603 1708 713 1766 attinet,
742 1707 903 1752 nominamus
919 1705 1115 1764 Procopium
1135 1702 1295 1751 (ianaeum

181 1801 209 1843 st
226 1797 376 1844 Niceten
398 1799 666 1846 Heracleensem.
693 1797 807 1852 Prioris,
828 1798 871 1856 qui
895 1797 1000 1843 sseeuis
1020 1796 1061 1841 vi.
1077 1795 1177 1852 floruit,
1198 1795 1296 1842 (latens

180 1889 362 1946 complectitur
379 1887 590 1937 Commentarios
607 1889 635 1935 in
657 1887 856 1946 tietsteseissm,
878 1885 988 1934 Seboiio
1008 1885 1037 1933 iis
1055 1884 1140 1933 tibi-os
1159 1885 1295 1933 Samuelis

182 1981 208 2024 et
227 1979 328 2039 iiepssm
347 1981 428 2041 stqase
452 1980 482 2028 iss
506 1981 574 2027 sinos
594 1979 678 2028 iibros
705 1978 936 2041 Paralipomenon
961 1979 988 2024 et
1017 1975 1243 2024 Commentariun·
1262 1977 1291 2024 in

181 2069 308 2117 Jessism.
344 2071 397 2117 iius
418 2073 566 2130 scripturae
583 2069 759 2130 expositiones
782 2073 875 2116 suctor
900 2081 931 2114 ex
955 2067 1143 2128 antiquioribus
1166 2069 1297 2126 interpre-

183 2159 253 2207 tibus
273 2162 376 2220 praecis
399 2162 436 2209 its
463 2161 582 2220 coiispit,
603 2163 632 2206 ιιι
653 2172 742 2206 eorum
769 2159 963 2206 lucubrstiones
988 2159 1095 2205 muitum
1121 2158 1297 2216 abbreviaret,

183 2263 295 2310 suusque
321 2252 380 2298 binc
401 2253 461 2298 inde
487 2251 682 2299 observationes
709 2251 847 2298 intexeret.
885 2250 1037 2305 Posterior,
1058 2251 1100 2309 qni
1126 2250 1233 2296 ssecuio
1253 2250 1296 2296 xi.

181 2341 263 2401 vixit,
282 2341 360 2388 babet
374 2341 566 2405 impositiones
584 2355 702 2404 procoss
719 2341 747 2389 iss
767 2341 867 2390 iibrssns
875 2341 942 2400 lob,
965 2341 1057 2400 quibus
1071 2343 1155 2388 tsmen
1169 2341 1294 2400 quostiam

184 2431 267 2491 ipsius
289 2435 402 2480 auctoris
426 2435 608 2493 expilationes
631 2435 807 2493 interspersse
828 2435 899 2480 sunt.

233 2542 271 2588 Ad
281 2542 394 2592 Glossss
404 2543 479 2604 buius
490 2543 548 2590 aevi
556 2544 701 2601 pertinent:
722 2541 818 2590 tiiosso
828 2539 987 2597 θνιιιιιανιιι,
1007 2552 1073 2600 quse
1085 2553 1102 2587 a
1110 2541 1236 2588 Wsiair
1244 2543 1298 2588 iiio

180 2630 363 2694 Strabone,
384 2635 425 2694 qui
444 2640 550 2694 praeter
566 2635 736 2693 Augustinum
754 2632 872 2692 inprimis
894 2629 1027 2678 itabsnum
1053 2631 1168 2679 bisurnm
1190 2637 1295 2680 secutus

182 2728 239 2782 est,
260 2725 364 2772 saeculo
379 2725 419 2770 lx.
438 2724 522 2779 edita,
541 2723 781 2784 frequentissimum
796 2735 871 2768 usum
884 2725 962 2769 nucis
979 2725 1033 2778 est,
1053 2724 1081 2769 et
1096 2725 1194 2768 tantum
1209 2699 1297 2785 sciuit,

182 2818 210 2859 ιιι
228 2815 359 2861 si’etro
387 2813 571 2861 bombardo
603 2808 664 2860 κατ’
691 2804 791 2876 ἐξοχὴν
822 2812 975 2859 auotoritas
998 2811 1185 2872 appellaretur.
1225 2811 1292 2860 Sub·

180 2905 301 2964 sequenti
317 2908 435 2966 tempore
449 2905 473 2951 ei
492 2903 579 2963 piures
598 2904 679 2960 aliae,
699 2908 752 2949 tum
774 2915 806 2949 ex
828 2903 942 2962 antiquis
967 2902 1102 2948 iieclesiss
1120 2903 1299 2964 scriptoribus,

184 2997 284 3042 tumen
311 2993 500 3044 recentioribus
531 2994 697 3054 unctoribus,
735 2998 763 3039 ut
790 3005 822 3040 ex
855 2991 1001 3040 NicoIso
1032 2993 1171 3048 birano,
1198 2993 1301 3044 i'suio

182 3085 351 3146 iinrgensi
370 3087 482 3146 sitisque
496 3089 635 3145 excerptus
658 3084 841 3132 annotationes
857 3083 974 3130 insertus
994 3086 1071 3144 sunt,
1097 3085 1135 3130 ita
1159 3089 1188 3130 nt
1206 3083 1302 3132 iiiossa

185 3177 310 3234 psuistim
333 3177 360 3222 in
390 3177 604 3224 commentarium
629 3176 803 3222 excresceret.
839 3173 903 3220 Visis
921 3173 1005 3219 biblia
1024 3184 1101 3220 secra
1124 3186 1180 3220 com
1205 3173 1302 3222 (iiossa

182 3267 311 3313 ordinaris
329 3280 345 3314 s
361 3265 526 3314 Strabone
546 3265 710 3313 iinidsnsi
723 3267 750 3311 st
767 3261 877 3310 Poetilio
893 3263 1025 3309 Nicoisi
1041 3263 1168 3319 inirent,
1189 3265 1303 3311 coditio·

96 3422 99 3427 Ι
182 3357 257 3404 nibus
281 3357 378 3405 Pauli
402 3358 587 3418 burgensis
613 3369 644 3403 sc
667 3356 828 3402 Matthiae
853 3354 1018 3414 'iborinpi
1047 3353 1221 3416 (Dorinpi)
1252 3365 1296 3402 re·

183 3447 272 3508 plicis,
299 3449 487 3508 'theologorum
512 3447 684 3494 iiuacensium
707 3446 794 3492 studio
819 3447 973 3492 emendetis.
1002 3445 1035 3490 vi
1057 3444 1148 3501 Tomi,
1171 3446 1295 3504 Antverp.

184 3537 264 3583 icus.
284 3561 318 3570 -
337 3535 461 3596 Sequitur
477 3536 575 3584 Glosso
594 3535 802 3590 interlinearis,
822 3535 897 3594 cujus
919 3539 1011 3583 auctor
1027 3535 1112 3594 priori
1130 3534 1230 3582 soeculi
1244 3535 1298 3582 iiii.

189 3626 293 3673 dimidio
316 3630 373 3673 erat
397 3627 577 3673 Anssimus
608 3626 853 3684 baudunensis,
881 3627 1023 3684 propteres
1050 3625 1089 3673 sic
1116 3624 1200 3679 dicta,
1231 3627 1300 3686 quoti

185 3716 253 3762 inter
277 3718 359 3764 lineas
378 3717 507 3764 versionis
527 3717 650 3775 Vuipstse
674 3717 774 3762 inserts
795 3718 851 3773 est,
872 3727 938 3774 quse
962 3727 1013 3760 non
1029 3715 1111 3761 minus
1130 3727 1204 3776 ςιιιιιιι
1225 3719 1299 3776 pricr

184 3807 351 3867 comprobate
366 3806 431 3867 init,
450 3808 512 3854 iicet
529 3807 564 3852 sit
580 3806 748 3866 brevissima,
767 3809 794 3852 et
818 3817 868 3850 non
886 3807 938 3850 tsm
956 3802 1088 3851 voesbnits
1103 3805 1297 3854 obscurioribus

185 3898 356 3957 explicandis,
376 3911 451 3958 qnam
466 3899 552 3958 potius
569 3897 688 3945 sensibus
710 3895 824 3956 mysticis
845 3896 974 3943 sectandis
995 3897 1151 3958 immoretur,
1172 3901 1198 3944 et
1217 3899 1298 3945 inter·

183 3989 242 4035 dum
268 3989 510 4036 circumlocutiones
530 3987 674 4048 superfluus
695 3991 741 4035 sut
761 3987 863 4048 ineptus
879 3999 929 4034 nec
953 4000 1004 4034 non
1030 3987 1198 4048 stpmoiopiss
1223 3990 1301 4047 pisos

186 4079 313 4126 ridiculus
336 4077 433 4126 anerei.
471 4082 588 4140 Denique
604 4080 654 4126 boc
674 4081 733 4126 ioco
753 4079 836 4124 adbuc
855 4077 1024 4127 nominandus
1048 4082 1090 4126 est
1114 4091 1136 4124 s.
1158 4079 1296 4136 'l'bomna

186 4168 346 4228 Aquinas,
367 4171 407 4216 cui
426 4173 532 4228 praeter
551 4182 631 4228 opere
647 4171 778 4226 exegetica
796 4180 877 4226 snpra
898 4169 1002 4214 isudsts
1023 4170 1048 4214 in
1069 4167 1186 4228 acceptis
1200 4181 1300 4228 quoqne

186 4260 325 4307 retes-enda
342 4264 383 4308 sst
407 4261 505 4309 Glosso
525 4263 654 4309 continuo
680 4259 769 4323 (etiam
790 4259 890 4307 Osiena
913 4273 997 4306 soree
1029 4259 1109 4318 diets)
1130 4260 1157 4307 iss
1182 4262 1299 4320 quotuor

185 4349 391 4411 tiosnpeiisios,
411 4352 447 4397 ita
466 4352 610 4411 appellato,
628 4351 697 4410 quod
712 4351 738 4395 in
755 4349 870 4410 sinpuios
883 4363 975 4397 versus
990 4356 1034 4396 aut
1047 4351 1156 4409 majores
1171 4350 1302 4398 sectiones

186 4441 412 4498 interpretationes
435 4455 466 4488 ex
484 4441 586 4499 optimis
606 4439 793 4499 antiquioribus
818 4441 875 4497 pius
901 4453 974 4500 quam
1000 4440 1129 4497 octoginta
1151 4439 1252 4498 praecis
1274 4446 1300 4488 et

185 4531 272 4576 istinis
295 4529 465 4589 scriptoribus
485 4532 578 4590 petitas
598 4542 647 4576 uns
662 4541 719 4576 eum
741 4533 875 4576 anctorum
892 4530 1047 4589 nominibus,
1067 4529 1132 4589 ipsis
1152 4530 1302 4578 eorumdem

186 4619 272 4666 verbis
293 4619 402 4668 exbibet.
