<?xml version="1.0" encoding="UTF-8"?>
<!DOCTYPE html PUBLIC "-//W3C//DTD XHTML 1.0 Transitional//EN"
    "http://www.w3.org/TR/xhtml1/DTD/xhtml1-transitional.dtd">
<html xmlns="http://www.w3.org/1999/xhtml" xml:lang="en" lang="en">
 <head>
  <title>
</title>
<meta http-equiv="Content-Type" content="text/html;charset=utf-8" />
  <meta name='ocr-system' content='tesseract 3.04.00' />
  <meta name='ocr-capabilities' content='ocr_page ocr_carea ocr_par ocr_line ocrx_word'/>
</head>
<body>
  <div class='ocr_page' id='page_1' title='image "./hermeneuticabib00kohlgoog_0339.png"; bbox 0 0 3112 5284; ppageno 0'>
   <div class='ocr_carea' id='block_1_1' title="bbox 263 457 340 533">
    <p class='ocr_par' dir='ltr' id='par_1_1' title="bbox 263 457 340 533">
     <span class='ocr_line' id='line_1_1' title="bbox 263 457 340 533; baseline -0.039 0"><span class='ocrx_word' id='word_1_1' title='bbox 263 457 340 533; x_wconf 76' lang='lat' dir='ltr'><strong>etl</strong></span> 
     </span>
    </p>
   </div>
   <div class='ocr_carea' id='block_1_2' title="bbox 262 635 1451 1258">
    <p class='ocr_par' dir='ltr' id='par_1_2' title="bbox 262 635 1445 939">
     <span class='ocr_line' id='line_1_2' title="bbox 352 635 1444 722; baseline -0.001 -20"><span class='ocrx_word' id='word_1_2' title='bbox 352 641 383 703; x_wconf 82' lang='grc'><strong>3.</strong></span> <span class='ocrx_word' id='word_1_3' title='bbox 404 636 504 699; x_wconf 80' lang='lat' dir='ltr'><strong>&#39;Multo</strong></span> <span class='ocrx_word' id='word_1_4' title='bbox 521 637 619 698; x_wconf 87' lang='lat' dir='ltr'><strong>minus</strong></span> <span class='ocrx_word' id='word_1_5' title='bbox 636 636 756 699; x_wconf 89' lang='lat' dir='ltr'><strong>omnino</strong></span> <span class='ocrx_word' id='word_1_6' title='bbox 780 635 910 699; x_wconf 88' lang='lat' dir='ltr'><strong>alterius</strong></span> <span class='ocrx_word' id='word_1_7' title='bbox 933 635 1127 722; x_wconf 81' lang='lat' dir='ltr'><strong>significatus</strong></span> <span class='ocrx_word' id='word_1_8' title='bbox 1151 637 1303 700; x_wconf 86' lang='lat' dir='ltr'><strong>vocabola</strong></span> <span class='ocrx_word' id='word_1_9' title='bbox 1324 639 1357 700; x_wconf 92' lang='lat' dir='ltr'><strong>in</strong></span> <span class='ocrx_word' id='word_1_10' title='bbox 1379 659 1444 701; x_wconf 87' lang='lat' dir='ltr'><strong>ver·</strong></span> 
     </span>
     <span class='ocr_line' id='line_1_3' title="bbox 262 743 1445 831; baseline 0.003 -27"><span class='ocrx_word' id='word_1_11' title='bbox 262 745 348 807; x_wconf 90' lang='lat' dir='ltr'><strong>sione</strong></span> <span class='ocrx_word' id='word_1_12' title='bbox 364 743 602 822; x_wconf 78' lang='lat' dir='ltr'><strong>substituantur,</strong></span> <span class='ocrx_word' id='word_1_13' title='bbox 619 763 709 824; x_wconf 89' lang='lat' dir='ltr'><strong>quam</strong></span> <span class='ocrx_word' id='word_1_14' title='bbox 725 749 797 806; x_wconf 88' lang='lat' dir='ltr'><strong>sunt</strong></span> <span class='ocrx_word' id='word_1_15' title='bbox 812 743 843 805; x_wconf 94' lang='lat' dir='ltr'><strong>in</strong></span> <span class='ocrx_word' id='word_1_16' title='bbox 857 747 945 807; x_wconf 81' lang='lat' dir='ltr'><strong>textu</strong></span> <span class='ocrx_word' id='word_1_17' title='bbox 962 745 1117 831; x_wconf 91' lang='lat' dir='ltr'><strong>originali,</strong></span> <span class='ocrx_word' id='word_1_18' title='bbox 1133 750 1169 808; x_wconf 91' lang='lat' dir='ltr'><strong>nt</strong></span> <span class='ocrx_word' id='word_1_19' title='bbox 1194 764 1293 808; x_wconf 82' lang='lat' dir='ltr'><strong>norae</strong></span> <span class='ocrx_word' id='word_1_20' title='bbox 1309 746 1445 810; x_wconf 89' lang='lat' dir='ltr'><strong>notiones</strong></span> 
     </span>
     <span class='ocr_line' id='line_1_4' title="bbox 263 851 1153 939; baseline 0.006 -25"><span class='ocrx_word' id='word_1_21' title='bbox 263 853 470 930; x_wconf 87' lang='lat' dir='ltr'><strong>intrudantur,</strong></span> <span class='ocrx_word' id='word_1_22' title='bbox 487 857 520 914; x_wconf 90' lang='lat' dir='ltr'><strong>ct</strong></span> <span class='ocrx_word' id='word_1_23' title='bbox 535 870 656 932; x_wconf 86' lang='lat' dir='ltr'><strong>sensns,</strong></span> <span class='ocrx_word' id='word_1_24' title='bbox 673 853 726 933; x_wconf 92' lang='lat' dir='ltr'><strong>qui</strong></span> <span class='ocrx_word' id='word_1_25' title='bbox 741 851 898 934; x_wconf 90' lang='lat' dir='ltr'><strong>displicet,</strong></span> <span class='ocrx_word' id='word_1_26' title='bbox 914 853 1097 916; x_wconf 76' lang='lat' dir='ltr'><strong>destruatur</strong></span> <span class='ocrx_word' id='word_1_27' title='bbox 1112 852 1153 939; x_wconf 75' lang='lat'><strong>⁹).</strong></span> 
     </span>
    </p>

    <p class='ocr_par' dir='ltr' id='par_1_3' title="bbox 354 957 1295 1046">
     <span class='ocr_line' id='line_1_5' title="bbox 354 957 1295 1046; baseline 0 -22"><span class='ocrx_word' id='word_1_28' title='bbox 354 961 386 1024; x_wconf 76' lang='grc'><strong>1.</strong></span> <span class='ocrx_word' id='word_1_29' title='bbox 411 960 478 1023; x_wconf 90' lang='lat' dir='ltr'><strong>Nec</strong></span> <span class='ocrx_word' id='word_1_30' title='bbox 496 959 651 1042; x_wconf 77' lang='lat' dir='ltr'><strong>quidpiam</strong></span> <span class='ocrx_word' id='word_1_31' title='bbox 666 960 847 1022; x_wconf 80' lang='lat' dir='ltr'><strong>remittatur</strong></span> <span class='ocrx_word' id='word_1_32' title='bbox 862 960 901 1022; x_wconf 90' lang='lat' dir='ltr'><strong>de</strong></span> <span class='ocrx_word' id='word_1_33' title='bbox 916 961 1041 1026; x_wconf 89' lang='lat' dir='ltr'><strong>notione</strong></span> <span class='ocrx_word' id='word_1_34' title='bbox 1058 961 1220 1046; x_wconf 91' lang='lat' dir='ltr'><strong>originalis</strong></span> <span class='ocrx_word' id='word_1_35' title='bbox 1237 957 1295 1046; x_wconf 81' lang='lat'><strong>¹⁰).</strong></span> 
     </span>
    </p>

    <p class='ocr_par' dir='ltr' id='par_1_4' title="bbox 264 1067 1451 1258">
     <span class='ocr_line' id='line_1_6' title="bbox 353 1067 1450 1154; baseline 0 -24"><span class='ocrx_word' id='word_1_36' title='bbox 353 1067 464 1130; x_wconf 88' lang='lat' dir='ltr'><strong>Versio</strong></span> <span class='ocrx_word' id='word_1_37' title='bbox 479 1087 553 1131; x_wconf 88' lang='lat' dir='ltr'><strong>vero</strong></span> <span class='ocrx_word' id='word_1_38' title='bbox 569 1067 755 1148; x_wconf 87' lang='lat' dir='ltr'><strong>Bibliornm,</strong></span> <span class='ocrx_word' id='word_1_39' title='bbox 772 1067 825 1149; x_wconf 92' lang='lat' dir='ltr'><strong>qni</strong></span> <span class='ocrx_word' id='word_1_40' title='bbox 841 1068 890 1130; x_wconf 90' lang='lat' dir='ltr'><strong>bis</strong></span> <span class='ocrx_word' id='word_1_41' title='bbox 906 1069 1025 1154; x_wconf 88' lang='lat' dir='ltr'><strong>regulis</strong></span> <span class='ocrx_word' id='word_1_42' title='bbox 1041 1074 1149 1132; x_wconf 85' lang='lat' dir='ltr'><strong>exacte</strong></span> <span class='ocrx_word' id='word_1_43' title='bbox 1165 1069 1382 1152; x_wconf 89' lang='lat' dir='ltr'><strong>respondeat,</strong></span> <span class='ocrx_word' id='word_1_44' title='bbox 1406 1075 1450 1132; x_wconf 87' lang='lat' dir='ltr'><strong>est</strong></span> 
     </span>
     <span class='ocr_line' id='line_1_7' title="bbox 264 1171 1451 1258; baseline 0 -20"><span class='ocrx_word' id='word_1_45' title='bbox 264 1195 343 1258; x_wconf 89' lang='lat' dir='ltr'><strong>opus</strong></span> <span class='ocrx_word' id='word_1_46' title='bbox 359 1174 500 1258; x_wconf 85' lang='lat' dir='ltr'><strong>proiecto</strong></span> <span class='ocrx_word' id='word_1_47' title='bbox 517 1171 741 1238; x_wconf 84' lang='lat' dir='ltr'><strong>difficillimum.</strong></span> <span class='ocrx_word' id='word_1_48' title='bbox 766 1175 900 1256; x_wconf 78' lang='lat' dir='ltr'><strong>Oportet</strong></span> <span class='ocrx_word' id='word_1_49' title='bbox 916 1177 996 1240; x_wconf 92' lang='lat' dir='ltr'><strong>enim</strong></span> <span class='ocrx_word' id='word_1_50' title='bbox 1012 1197 1078 1240; x_wconf 93' lang='lat' dir='ltr'><strong>eam</strong></span> <span class='ocrx_word' id='word_1_51' title='bbox 1094 1177 1139 1240; x_wconf 92' lang='lat' dir='ltr'><strong>ita</strong></span> <span class='ocrx_word' id='word_1_52' title='bbox 1154 1177 1319 1256; x_wconf 88' lang='lat' dir='ltr'><strong>adornari,</strong></span> <span class='ocrx_word' id='word_1_53' title='bbox 1344 1184 1451 1240; x_wconf 88' lang='lat' dir='ltr'><strong>utnon</strong></span> 
     </span>
    </p>
   </div>
   <div class='ocr_carea' id='block_1_3' title="bbox 264 1284 1544 1367">
    <p class='ocr_par' dir='ltr' id='par_1_5' title="bbox 264 1284 1544 1367">
     <span class='ocr_line' id='line_1_8' title="bbox 264 1284 1544 1367; baseline 0 -21"><span class='ocrx_word' id='word_1_54' title='bbox 264 1287 383 1346; x_wconf 84' lang='lat' dir='ltr'><strong>tanturn</strong></span> <span class='ocrx_word' id='word_1_55' title='bbox 400 1302 510 1346; x_wconf 87' lang='lat' dir='ltr'><strong>sensns</strong></span> <span class='ocrx_word' id='word_1_56' title='bbox 526 1284 665 1348; x_wconf 87' lang='lat' dir='ltr'><strong>auctoris</strong></span> <span class='ocrx_word' id='word_1_57' title='bbox 681 1287 827 1346; x_wconf 88' lang='lat' dir='ltr'><strong>accurate</strong></span> <span class='ocrx_word' id='word_1_58' title='bbox 843 1285 991 1364; x_wconf 75' lang='lat' dir='ltr'><strong>prodeat,</strong></span> <span class='ocrx_word' id='word_1_59' title='bbox 1015 1286 1070 1348; x_wconf 89' lang='lat' dir='ltr'><strong>sed</strong></span> <span class='ocrx_word' id='word_1_60' title='bbox 1085 1289 1121 1346; x_wconf 93' lang='lat' dir='ltr'><strong>nt</strong></span> <span class='ocrx_word' id='word_1_61' title='bbox 1148 1285 1237 1367; x_wconf 86' lang='lat' dir='ltr'><strong>quasi</strong></span> <span class='ocrx_word' id='word_1_62' title='bbox 1252 1286 1324 1366; x_wconf 90' lang='lat' dir='ltr'><strong>ipse</strong></span> <span class='ocrx_word' id='word_1_63' title='bbox 1341 1290 1450 1348; x_wconf 88' lang='lat' dir='ltr'><strong>auctor</strong></span> <span class='ocrx_word' id='word_1_64' title='bbox 1543 1343 1544 1360; x_wconf 59' lang='grc'>,</span> 
     </span>
    </p>
   </div>
   <div class='ocr_carea' id='block_1_4' title="bbox 264 1390 1453 1584">
    <p class='ocr_par' dir='ltr' id='par_1_6' title="bbox 264 1390 1453 1584">
     <span class='ocr_line' id='line_1_9' title="bbox 264 1390 1452 1475; baseline 0 -21"><span class='ocrx_word' id='word_1_65' title='bbox 264 1391 395 1473; x_wconf 86' lang='lat' dir='ltr'><strong>loquens</strong></span> <span class='ocrx_word' id='word_1_66' title='bbox 411 1391 565 1456; x_wconf 90' lang='lat' dir='ltr'><strong>audiatur.</strong></span> <span class='ocrx_word' id='word_1_67' title='bbox 588 1393 686 1470; x_wconf 80' lang='lat' dir='ltr'><strong>Quam</strong></span> <span class='ocrx_word' id='word_1_68' title='bbox 703 1390 824 1456; x_wconf 90' lang='lat' dir='ltr'><strong>obrem</strong></span> <span class='ocrx_word' id='word_1_69' title='bbox 841 1390 933 1453; x_wconf 89' lang='lat' dir='ltr'><strong>etiam</strong></span> <span class='ocrx_word' id='word_1_70' title='bbox 960 1391 1073 1456; x_wconf 91' lang='lat' dir='ltr'><strong>indicia</strong></span> <span class='ocrx_word' id='word_1_71' title='bbox 1094 1393 1309 1475; x_wconf 74' lang='lat' dir='ltr'><strong>antiquitatis,</strong></span> <span class='ocrx_word' id='word_1_72' title='bbox 1334 1393 1452 1473; x_wconf 85' lang='lat' dir='ltr'><strong>patriae</strong></span> 
     </span>
     <span class='ocr_line' id='line_1_10' title="bbox 265 1499 1453 1584; baseline 0.001 -22"><span class='ocrx_word' id='word_1_73' title='bbox 265 1503 359 1582; x_wconf 85' lang='lat' dir='ltr'><strong>atque</strong></span> <span class='ocrx_word' id='word_1_74' title='bbox 375 1499 533 1584; x_wconf 86' lang='lat' dir='ltr'><strong>cogitandi</strong></span> <span class='ocrx_word' id='word_1_75' title='bbox 549 1521 585 1564; x_wconf 89' lang='lat' dir='ltr'><strong>ao</strong></span> <span class='ocrx_word' id='word_1_76' title='bbox 601 1499 755 1564; x_wconf 89' lang='lat' dir='ltr'><strong>sentiendi</strong></span> <span class='ocrx_word' id='word_1_77' title='bbox 770 1499 920 1578; x_wconf 89' lang='lat' dir='ltr'><strong>rationis,</strong></span> <span class='ocrx_word' id='word_1_78' title='bbox 945 1520 1023 1582; x_wconf 93' lang='lat' dir='ltr'><strong>quae</strong></span> <span class='ocrx_word' id='word_1_79' title='bbox 1038 1500 1143 1564; x_wconf 91' lang='lat' dir='ltr'><strong>verbis</strong></span> <span class='ocrx_word' id='word_1_80' title='bbox 1159 1499 1320 1584; x_wconf 88' lang='lat' dir='ltr'><strong>loquentis</strong></span> <span class='ocrx_word' id='word_1_81' title='bbox 1338 1502 1372 1564; x_wconf 90' lang='lat' dir='ltr'><strong>in</strong></span> <span class='ocrx_word' id='word_1_82' title='bbox 1388 1505 1453 1564; x_wconf 86' lang='lat' dir='ltr'><strong>tex·</strong></span> 
     </span>
    </p>
   </div>
   <div class='ocr_carea' id='block_1_5' title="bbox 264 1606 1544 1694">
    <p class='ocr_par' dir='ltr' id='par_1_7' title="bbox 264 1606 1544 1694">
     <span class='ocr_line' id='line_1_11' title="bbox 264 1606 1544 1694; baseline 0.002 -24"><span class='ocrx_word' id='word_1_83' title='bbox 264 1611 300 1670; x_wconf 89' lang='lat' dir='ltr'><strong>tu</strong></span> <span class='ocrx_word' id='word_1_84' title='bbox 316 1608 459 1693; x_wconf 75' lang='lat' dir='ltr'><strong>originali</strong></span> <span class='ocrx_word' id='word_1_85' title='bbox 476 1627 605 1692; x_wconf 89' lang='lat' dir='ltr'><strong>aspersa</strong></span> <span class='ocrx_word' id='word_1_86' title='bbox 619 1609 828 1686; x_wconf 89' lang='lat' dir='ltr'><strong>inveniuntur,</strong></span> <span class='ocrx_word' id='word_1_87' title='bbox 840 1607 872 1670; x_wconf 93' lang='lat' dir='ltr'><strong>in</strong></span> <span class='ocrx_word' id='word_1_88' title='bbox 882 1606 1025 1672; x_wconf 83' lang='lat' dir='ltr'><strong>versione</strong></span> <span class='ocrx_word' id='word_1_89' title='bbox 1037 1614 1183 1672; x_wconf 88' lang='lat' dir='ltr'><strong>accurate</strong></span> <span class='ocrx_word' id='word_1_90' title='bbox 1195 1609 1380 1672; x_wconf 83' lang='lat' dir='ltr'><strong>referantur</strong></span> <span class='ocrx_word' id='word_1_91' title='bbox 1402 1608 1452 1694; x_wconf 83' lang='lat'><strong>¹¹).</strong></span> <span class='ocrx_word' id='word_1_92' title='bbox 1543 1675 1544 1686; x_wconf 47' lang='grc'>,</span> 
     </span>
    </p>
   </div>
   <div class='ocr_carea' id='block_1_6' title="bbox 258 1715 1454 2667">
    <p class='ocr_par' dir='ltr' id='par_1_8' title="bbox 258 1715 1454 2667">
     <span class='ocr_line' id='line_1_12' title="bbox 266 1715 1454 1801; baseline 0.002 -23"><span class='ocrx_word' id='word_1_93' title='bbox 266 1717 353 1793; x_wconf 82' lang='lat' dir='ltr'><strong>Quae</strong></span> <span class='ocrx_word' id='word_1_94' title='bbox 369 1737 438 1780; x_wconf 87' lang='lat' dir='ltr'><strong>oum</strong></span> <span class='ocrx_word' id='word_1_95' title='bbox 454 1717 499 1780; x_wconf 90' lang='lat' dir='ltr'><strong>ita</strong></span> <span class='ocrx_word' id='word_1_96' title='bbox 514 1716 588 1796; x_wconf 89' lang='lat' dir='ltr'><strong>sint,</strong></span> <span class='ocrx_word' id='word_1_97' title='bbox 611 1715 702 1780; x_wconf 87' lang='lat' dir='ltr'><strong>lacile</strong></span> <span class='ocrx_word' id='word_1_98' title='bbox 717 1715 914 1801; x_wconf 78' lang='lat' dir='ltr'><strong>intelligitur,</strong></span> <span class='ocrx_word' id='word_1_99' title='bbox 936 1737 994 1779; x_wconf 88' lang='lat' dir='ltr'><strong>cnr</strong></span> <span class='ocrx_word' id='word_1_100' title='bbox 1009 1717 1060 1780; x_wconf 86' lang='lat' dir='ltr'><strong>vix</strong></span> <span class='ocrx_word' id='word_1_101' title='bbox 1074 1715 1148 1778; x_wconf 87' lang='lat' dir='ltr'><strong>talis</strong></span> <span class='ocrx_word' id='word_1_102' title='bbox 1164 1717 1339 1780; x_wconf 76' lang='lat' dir='ltr'><strong>bibliorum</strong></span> <span class='ocrx_word' id='word_1_103' title='bbox 1353 1723 1454 1780; x_wconf 67' lang='lat' dir='ltr'><strong>trane</strong></span> 
     </span>
     <span class='ocr_line' id='line_1_13' title="bbox 267 1822 1454 1910; baseline 0.002 -24"><span class='ocrx_word' id='word_1_104' title='bbox 267 1822 343 1887; x_wconf 92' lang='lat' dir='ltr'><strong>latio</strong></span> <span class='ocrx_word' id='word_1_105' title='bbox 360 1826 481 1906; x_wconf 86' lang='lat' dir='ltr'><strong>sperari</strong></span> <span class='ocrx_word' id='word_1_106' title='bbox 497 1826 615 1910; x_wconf 87' lang='lat' dir='ltr'><strong>possit,</strong></span> <span class='ocrx_word' id='word_1_107' title='bbox 644 1845 722 1910; x_wconf 89' lang='lat' dir='ltr'><strong>qnae</strong></span> <span class='ocrx_word' id='word_1_108' title='bbox 746 1824 887 1888; x_wconf 88' lang='lat' dir='ltr'><strong>omnibus</strong></span> <span class='ocrx_word' id='word_1_109' title='bbox 903 1825 1063 1906; x_wconf 85' lang='lat' dir='ltr'><strong>probetur.</strong></span> <span class='ocrx_word' id='word_1_110' title='bbox 1099 1827 1185 1902; x_wconf 76' lang='lat' dir='ltr'><strong>Quae</strong></span> <span class='ocrx_word' id='word_1_111' title='bbox 1206 1825 1288 1888; x_wconf 89' lang='lat' dir='ltr'><strong>enim</strong></span> <span class='ocrx_word' id='word_1_112' title='bbox 1312 1828 1454 1909; x_wconf 86' lang='lat' dir='ltr'><strong>pressius</strong></span> 
     </span>
     <span class='ocr_line' id='line_1_14' title="bbox 264 1931 1453 2017; baseline 0.003 -24"><span class='ocrx_word' id='word_1_113' title='bbox 264 1931 387 1996; x_wconf 88' lang='lat' dir='ltr'><strong>literam</strong></span> <span class='ocrx_word' id='word_1_114' title='bbox 404 1934 546 2017; x_wconf 90' lang='lat' dir='ltr'><strong>sequitur</strong></span> <span class='ocrx_word' id='word_1_115' title='bbox 561 1933 684 2013; x_wconf 90' lang='lat' dir='ltr'><strong>versio,</strong></span> <span class='ocrx_word' id='word_1_116' title='bbox 708 1937 741 1996; x_wconf 93' lang='lat' dir='ltr'><strong>et</strong></span> <span class='ocrx_word' id='word_1_117' title='bbox 756 1936 923 2015; x_wconf 90' lang='lat' dir='ltr'><strong>propterea</strong></span> <span class='ocrx_word' id='word_1_118' title='bbox 938 1935 1081 1998; x_wconf 83' lang='lat' dir='ltr'><strong>literalis</strong></span> <span class='ocrx_word' id='word_1_119' title='bbox 1096 1934 1146 1996; x_wconf 89' lang='lat' dir='ltr'><strong>vel</strong></span> <span class='ocrx_word' id='word_1_120' title='bbox 1162 1937 1312 1998; x_wconf 72' lang='lat' dir='ltr'><strong>verbalia</strong></span> <span class='ocrx_word' id='word_1_121' title='bbox 1328 1935 1453 2014; x_wconf 87' lang='lat' dir='ltr'><strong>dicitnr,</strong></span> 
     </span>
     <span class='ocr_line' id='line_1_15' title="bbox 258 2039 1451 2124; baseline 0.001 -21"><span class='ocrx_word' id='word_1_122' title='bbox 258 2039 376 2122; x_wconf 88' lang='lat' dir='ltr'><strong>justam</strong></span> <span class='ocrx_word' id='word_1_123' title='bbox 398 2043 632 2124; x_wconf 82' lang='lat' dir='ltr'><strong>perspicuitatis</strong></span> <span class='ocrx_word' id='word_1_124' title='bbox 650 2045 682 2104; x_wconf 92' lang='lat' dir='ltr'><strong>ct</strong></span> <span class='ocrx_word' id='word_1_125' title='bbox 703 2041 919 2104; x_wconf 85' lang='lat' dir='ltr'><strong>concinnitatis</strong></span> <span class='ocrx_word' id='word_1_126' title='bbox 940 2043 1090 2106; x_wconf 90' lang='lat' dir='ltr'><strong>rationem</strong></span> <span class='ocrx_word' id='word_1_127' title='bbox 1112 2043 1301 2121; x_wconf 89' lang='lat' dir='ltr'><strong>nonhabet,</strong></span> <span class='ocrx_word' id='word_1_128' title='bbox 1328 2047 1363 2106; x_wconf 90' lang='lat' dir='ltr'><strong>et</strong></span> <span class='ocrx_word' id='word_1_129' title='bbox 1384 2042 1451 2104; x_wconf 94' lang='lat' dir='ltr'><strong>binc</strong></span> 
     </span>
     <span class='ocr_line' id='line_1_16' title="bbox 264 2150 1454 2234; baseline 0.001 -23"><span class='ocrx_word' id='word_1_130' title='bbox 264 2150 389 2232; x_wconf 87' lang='lat' dir='ltr'><strong>placere</strong></span> <span class='ocrx_word' id='word_1_131' title='bbox 410 2152 527 2234; x_wconf 90' lang='lat' dir='ltr'><strong>nequit.</strong></span> <span class='ocrx_word' id='word_1_132' title='bbox 562 2151 626 2214; x_wconf 89' lang='lat' dir='ltr'><strong>Sed</strong></span> <span class='ocrx_word' id='word_1_133' title='bbox 652 2169 770 2232; x_wconf 92' lang='lat' dir='ltr'><strong>neqne,</strong></span> <span class='ocrx_word' id='word_1_134' title='bbox 794 2170 872 2231; x_wconf 91' lang='lat' dir='ltr'><strong>qnae</strong></span> <span class='ocrx_word' id='word_1_135' title='bbox 888 2151 992 2214; x_wconf 77' lang='lat' dir='ltr'><strong>labero</strong></span> <span class='ocrx_word' id='word_1_136' title='bbox 1014 2151 1211 2230; x_wconf 90' lang='lat' dir='ltr'><strong>nominatur,</strong></span> <span class='ocrx_word' id='word_1_137' title='bbox 1236 2152 1311 2234; x_wconf 91' lang='lat' dir='ltr'><strong>qnia</strong></span> <span class='ocrx_word' id='word_1_138' title='bbox 1329 2173 1348 2214; x_wconf 92' lang='lat' dir='ltr'><strong>a</strong></span> <span class='ocrx_word' id='word_1_139' title='bbox 1365 2152 1454 2215; x_wconf 86' lang='lat' dir='ltr'><strong>litera</strong></span> 
     </span>
     <span class='ocr_line' id='line_1_17' title="bbox 264 2257 1452 2343; baseline 0.003 -24"><span class='ocrx_word' id='word_1_140' title='bbox 264 2259 427 2320; x_wconf 80' lang='lat' dir='ltr'><strong>discedens</strong></span> <span class='ocrx_word' id='word_1_141' title='bbox 444 2259 679 2343; x_wconf 87' lang='lat' dir='ltr'><strong>phraseologiae</strong></span> <span class='ocrx_word' id='word_1_142' title='bbox 695 2257 828 2322; x_wconf 86' lang='lat' dir='ltr'><strong>biblicae</strong></span> <span class='ocrx_word' id='word_1_143' title='bbox 845 2258 988 2343; x_wconf 87' lang='lat' dir='ltr'><strong>exiguam</strong></span> <span class='ocrx_word' id='word_1_144' title='bbox 1003 2263 1058 2322; x_wconf 86' lang='lat' dir='ltr'><strong>aut</strong></span> <span class='ocrx_word' id='word_1_145' title='bbox 1073 2277 1203 2340; x_wconf 80' lang='lat' dir='ltr'><strong>prorsus</strong></span> <span class='ocrx_word' id='word_1_146' title='bbox 1221 2259 1340 2322; x_wconf 85' lang='lat' dir='ltr'><strong>nnllam</strong></span> <span class='ocrx_word' id='word_1_147' title='bbox 1356 2260 1452 2324; x_wconf 91' lang='lat' dir='ltr'><strong>ratio-</strong></span> 
     </span>
     <span class='ocr_line' id='line_1_18' title="bbox 265 2365 1453 2452; baseline 0.002 -24"><span class='ocrx_word' id='word_1_148' title='bbox 265 2387 334 2428; x_wconf 91' lang='lat' dir='ltr'><strong>nem</strong></span> <span class='ocrx_word' id='word_1_149' title='bbox 351 2365 455 2446; x_wconf 91' lang='lat' dir='ltr'><strong>babet,</strong></span> <span class='ocrx_word' id='word_1_150' title='bbox 479 2372 512 2430; x_wconf 87' lang='lat' dir='ltr'><strong>et</strong></span> <span class='ocrx_word' id='word_1_151' title='bbox 525 2367 654 2430; x_wconf 87' lang='lat' dir='ltr'><strong>formam</strong></span> <span class='ocrx_word' id='word_1_152' title='bbox 670 2367 820 2430; x_wconf 89' lang='lat' dir='ltr'><strong>orationis</strong></span> <span class='ocrx_word' id='word_1_153' title='bbox 836 2367 903 2432; x_wconf 89' lang='lat' dir='ltr'><strong>sine</strong></span> <span class='ocrx_word' id='word_1_154' title='bbox 919 2368 1108 2432; x_wconf 88' lang='lat' dir='ltr'><strong>necessitate</strong></span> <span class='ocrx_word' id='word_1_155' title='bbox 1125 2371 1235 2446; x_wconf 91' lang='lat' dir='ltr'><strong>mutat,</strong></span> <span class='ocrx_word' id='word_1_156' title='bbox 1260 2369 1347 2452; x_wconf 92' lang='lat' dir='ltr'><strong>qnod</strong></span> <span class='ocrx_word' id='word_1_157' title='bbox 1362 2389 1453 2431; x_wconf 91' lang='lat' dir='ltr'><strong>orna·</strong></span> 
     </span>
     <span class='ocr_line' id='line_1_19' title="bbox 264 2473 1453 2560; baseline 0.003 -26"><span class='ocrx_word' id='word_1_158' title='bbox 264 2473 339 2536; x_wconf 92' lang='lat' dir='ltr'><strong>tiori</strong></span> <span class='ocrx_word' id='word_1_159' title='bbox 361 2493 512 2552; x_wconf 77' lang='lat' dir='ltr'><strong>nemone,</strong></span> <span class='ocrx_word' id='word_1_160' title='bbox 535 2479 590 2537; x_wconf 91' lang='lat' dir='ltr'><strong>aut</strong></span> <span class='ocrx_word' id='word_1_161' title='bbox 613 2473 723 2536; x_wconf 90' lang='lat' dir='ltr'><strong>saltem</strong></span> <span class='ocrx_word' id='word_1_162' title='bbox 750 2475 847 2560; x_wconf 89' lang='lat' dir='ltr'><strong>magis</strong></span> <span class='ocrx_word' id='word_1_163' title='bbox 864 2475 1034 2540; x_wconf 86' lang='lat' dir='ltr'><strong>admoram</strong></span> <span class='ocrx_word' id='word_1_164' title='bbox 1051 2479 1178 2540; x_wconf 88' lang='lat' dir='ltr'><strong>nostrae</strong></span> <span class='ocrx_word' id='word_1_165' title='bbox 1193 2477 1309 2538; x_wconf 86' lang='lat' dir='ltr'><strong>aetatis</strong></span> <span class='ocrx_word' id='word_1_166' title='bbox 1328 2497 1453 2557; x_wconf 89' lang='lat' dir='ltr'><strong>compc-</strong></span> 
     </span>
     <span class='ocr_line' id='line_1_20' title="bbox 268 2582 1453 2667; baseline -0.001 -20"><span class='ocrx_word' id='word_1_167' title='bbox 268 2582 344 2661; x_wconf 87' lang='lat' dir='ltr'><strong>sito,</strong></span> <span class='ocrx_word' id='word_1_168' title='bbox 359 2586 477 2659; x_wconf 87' lang='lat' dir='ltr'><strong>utatur,</strong></span> <span class='ocrx_word' id='word_1_169' title='bbox 493 2602 583 2663; x_wconf 91' lang='lat' dir='ltr'><strong>quam</strong></span> <span class='ocrx_word' id='word_1_170' title='bbox 599 2583 794 2666; x_wconf 85' lang='lat' dir='ltr'><strong>antiquitatis</strong></span> <span class='ocrx_word' id='word_1_171' title='bbox 809 2584 889 2647; x_wconf 91' lang='lat' dir='ltr'><strong>ratio</strong></span> <span class='ocrx_word' id='word_1_172' title='bbox 904 2585 1040 2667; x_wconf 88' lang='lat' dir='ltr'><strong>patitur,</strong></span> <span class='ocrx_word' id='word_1_173' title='bbox 1057 2589 1090 2647; x_wconf 91' lang='lat' dir='ltr'><strong>ct</strong></span> <span class='ocrx_word' id='word_1_174' title='bbox 1104 2583 1176 2645; x_wconf 91' lang='lat' dir='ltr'><strong>binc</strong></span> <span class='ocrx_word' id='word_1_175' title='bbox 1192 2583 1335 2666; x_wconf 89' lang='lat' dir='ltr'><strong>ipsorum</strong></span> <span class='ocrx_word' id='word_1_176' title='bbox 1351 2589 1453 2648; x_wconf 86' lang='lat' dir='ltr'><strong>trans-¹</strong></span> 
     </span>
    </p>
   </div>
   <div class='ocr_carea' id='block_1_7' title="bbox 267 2690 1544 2778">
    <p class='ocr_par' dir='ltr' id='par_1_9' title="bbox 267 2690 1544 2778">
     <span class='ocr_line' id='line_1_21' title="bbox 267 2690 1544 2778; baseline 0.004 -26"><span class='ocrx_word' id='word_1_177' title='bbox 267 2690 402 2753; x_wconf 87' lang='lat' dir='ltr'><strong>latorum</strong></span> <span class='ocrx_word' id='word_1_178' title='bbox 419 2691 615 2772; x_wconf 90' lang='lat' dir='ltr'><strong>opinionibus</strong></span> <span class='ocrx_word' id='word_1_179' title='bbox 630 2691 700 2773; x_wconf 91' lang='lat' dir='ltr'><strong>plus</strong></span> <span class='ocrx_word' id='word_1_180' title='bbox 716 2693 854 2756; x_wconf 90' lang='lat' dir='ltr'><strong>minusve</strong></span> <span class='ocrx_word' id='word_1_181' title='bbox 867 2691 960 2778; x_wconf 80' lang='lat' dir='ltr'><strong>dirigi</strong></span> <span class='ocrx_word' id='word_1_182' title='bbox 977 2693 1126 2770; x_wconf 90' lang='lat' dir='ltr'><strong>ereditur,</strong></span> <span class='ocrx_word' id='word_1_183' title='bbox 1150 2713 1253 2754; x_wconf 90' lang='lat' dir='ltr'><strong>rernm</strong></span> <span class='ocrx_word' id='word_1_184' title='bbox 1271 2693 1388 2776; x_wconf 88' lang='lat' dir='ltr'><strong>peritis</strong></span> <span class='ocrx_word' id='word_1_185' title='bbox 1404 2715 1452 2756; x_wconf 90' lang='lat' dir='ltr'><strong>ar·</strong></span> <span class='ocrx_word' id='word_1_186' title='bbox 1543 2745 1544 2768; x_wconf 49' lang='lat'><strong>,</strong></span> 
     </span>
    </p>
   </div>
   <div class='ocr_carea' id='block_1_8' title="bbox 267 2800 1456 2995">
    <p class='ocr_par' dir='ltr' id='par_1_10' title="bbox 267 2800 1456 2995">
     <span class='ocr_line' id='line_1_22' title="bbox 268 2800 1453 2884; baseline 0 -20"><span class='ocrx_word' id='word_1_187' title='bbox 268 2800 360 2864; x_wconf 90' lang='lat' dir='ltr'><strong>ridet.</strong></span> <span class='ocrx_word' id='word_1_188' title='bbox 377 2800 451 2864; x_wconf 77' lang='lat' dir='ltr'><strong>Eam</strong></span> <span class='ocrx_word' id='word_1_189' title='bbox 467 2821 541 2864; x_wconf 90' lang='lat' dir='ltr'><strong>vero</strong></span> <span class='ocrx_word' id='word_1_190' title='bbox 557 2801 741 2880; x_wconf 89' lang='lat' dir='ltr'><strong>versionem,</strong></span> <span class='ocrx_word' id='word_1_191' title='bbox 758 2804 894 2866; x_wconf 83' lang='lat' dir='ltr'><strong>nimiam</strong></span> <span class='ocrx_word' id='word_1_192' title='bbox 905 2803 1076 2884; x_wconf 81' lang='lat' dir='ltr'><strong>audacem,</strong></span> <span class='ocrx_word' id='word_1_193' title='bbox 1094 2805 1129 2864; x_wconf 92' lang='lat' dir='ltr'><strong>nt</strong></span> <span class='ocrx_word' id='word_1_194' title='bbox 1141 2805 1266 2881; x_wconf 88' lang='lat' dir='ltr'><strong>vocant,</strong></span> <span class='ocrx_word' id='word_1_195' title='bbox 1277 2821 1342 2883; x_wconf 90' lang='lat' dir='ltr'><strong>qna</strong></span> <span class='ocrx_word' id='word_1_196' title='bbox 1352 2807 1453 2865; x_wconf 66' lang='lat' dir='ltr'><strong>trane</strong></span> 
     </span>
     <span class='ocr_line' id='line_1_23' title="bbox 267 2905 1456 2995; baseline 0.002 -23"><span class='ocrx_word' id='word_1_197' title='bbox 267 2910 351 2972; x_wconf 89' lang='lat' dir='ltr'><strong>lator</strong></span> <span class='ocrx_word' id='word_1_198' title='bbox 366 2909 404 2972; x_wconf 92' lang='lat' dir='ltr'><strong>de</strong></span> <span class='ocrx_word' id='word_1_199' title='bbox 419 2909 583 2990; x_wconf 89' lang='lat' dir='ltr'><strong>industria,</strong></span> <span class='ocrx_word' id='word_1_200' title='bbox 599 2905 704 2973; x_wconf 88' lang='lat' dir='ltr'><strong>ollioio</strong></span> <span class='ocrx_word' id='word_1_201' title='bbox 721 2914 868 2992; x_wconf 87' lang='lat' dir='ltr'><strong>suscepto</strong></span> <span class='ocrx_word' id='word_1_202' title='bbox 884 2911 1027 2995; x_wconf 88' lang='lat' dir='ltr'><strong>graviter</strong></span> <span class='ocrx_word' id='word_1_203' title='bbox 1041 2910 1168 2989; x_wconf 85' lang='lat' dir='ltr'><strong>violato,</strong></span> <span class='ocrx_word' id='word_1_204' title='bbox 1185 2911 1330 2974; x_wconf 85' lang='lat' dir='ltr'><strong>sensibus</strong></span> <span class='ocrx_word' id='word_1_205' title='bbox 1348 2911 1456 2992; x_wconf 91' lang='lat' dir='ltr'><strong>Scrip-</strong></span> 
     </span>
    </p>
   </div>
   <div class='ocr_carea' id='block_1_9' title="bbox 269 3017 1544 3317">
    <p class='ocr_par' dir='ltr' id='par_1_11' title="bbox 269 3017 1544 3317">
     <span class='ocr_line' id='line_1_24' title="bbox 269 3017 1544 3104; baseline 0.002 -25"><span class='ocrx_word' id='word_1_206' title='bbox 269 3021 380 3097; x_wconf 91' lang='lat' dir='ltr'><strong>turae,</strong></span> <span class='ocrx_word' id='word_1_207' title='bbox 403 3017 457 3101; x_wconf 93' lang='lat' dir='ltr'><strong>qui</strong></span> <span class='ocrx_word' id='word_1_208' title='bbox 472 3017 571 3080; x_wconf 91' lang='lat' dir='ltr'><strong>minus</strong></span> <span class='ocrx_word' id='word_1_209' title='bbox 596 3017 739 3101; x_wconf 88' lang='lat' dir='ltr'><strong>placent,</strong></span> <span class='ocrx_word' id='word_1_210' title='bbox 763 3017 928 3082; x_wconf 85' lang='lat' dir='ltr'><strong>eliminatis</strong></span> <span class='ocrx_word' id='word_1_211' title='bbox 950 3039 1007 3082; x_wconf 88' lang='lat' dir='ltr'><strong>sna</strong></span> <span class='ocrx_word' id='word_1_212' title='bbox 1022 3039 1115 3082; x_wconf 89' lang='lat' dir='ltr'><strong>sensa</strong></span> <span class='ocrx_word' id='word_1_213' title='bbox 1129 3018 1262 3104; x_wconf 81' lang='lat' dir='ltr'><strong>ingerit,</strong></span> <span class='ocrx_word' id='word_1_214' title='bbox 1285 3018 1382 3100; x_wconf 83' lang='lat' dir='ltr'><strong>plane</strong></span> <span class='ocrx_word' id='word_1_215' title='bbox 1408 3038 1455 3081; x_wconf 90' lang='lat' dir='ltr'><strong>re·</strong></span> <span class='ocrx_word' id='word_1_216' title='bbox 1543 3023 1544 3026; x_wconf 74' lang='grc'>’</span> 
     </span>
     <span class='ocr_line' id='line_1_25' title="bbox 271 3117 1544 3210; baseline -0.001 -20"><span class='ocrx_word' id='word_1_217' title='bbox 271 3127 459 3210; x_wconf 90' lang='lat' dir='ltr'><strong>probandam</strong></span> <span class='ocrx_word' id='word_1_218' title='bbox 489 3145 575 3205; x_wconf 90' lang='lat' dir='ltr'><strong>esse,</strong></span> <span class='ocrx_word' id='word_1_219' title='bbox 598 3127 660 3190; x_wconf 93' lang='lat' dir='ltr'><strong>imo</strong></span> <span class='ocrx_word' id='word_1_220' title='bbox 682 3147 720 3190; x_wconf 93' lang='lat' dir='ltr'><strong>ne</strong></span> <span class='ocrx_word' id='word_1_221' title='bbox 742 3147 850 3192; x_wconf 87' lang='lat' dir='ltr'><strong>nornen</strong></span> <span class='ocrx_word' id='word_1_222' title='bbox 867 3128 991 3209; x_wconf 92' lang='lat' dir='ltr'><strong>quidem</strong></span> <span class='ocrx_word' id='word_1_223' title='bbox 1006 3129 1160 3194; x_wconf 88' lang='lat' dir='ltr'><strong>versionis</strong></span> <span class='ocrx_word' id='word_1_224' title='bbox 1176 3128 1309 3208; x_wconf 90' lang='lat' dir='ltr'><strong>mereri,</strong></span> <span class='ocrx_word' id='word_1_225' title='bbox 1332 3129 1385 3192; x_wconf 84' lang='lat' dir='ltr'><strong>vix</strong></span> <span class='ocrx_word' id='word_1_226' title='bbox 1402 3133 1456 3205; x_wconf 85' lang='lat' dir='ltr'><strong>est,</strong></span> <span class='ocrx_word' id='word_1_227' title='bbox 1543 3117 1544 3168; x_wconf 86' lang='lat' dir='ltr'><strong>l</strong></span> 
     </span>
     <span class='ocr_line' id='line_1_26' title="bbox 270 3235 1455 3317; baseline 0.002 -20"><span class='ocrx_word' id='word_1_228' title='bbox 270 3235 352 3317; x_wconf 90' lang='lat' dir='ltr'><strong>quod</strong></span> <span class='ocrx_word' id='word_1_229' title='bbox 373 3255 559 3300; x_wconf 86' lang='lat' dir='ltr'><strong>moneamus.</strong></span> <span class='ocrx_word' id='word_1_230' title='bbox 591 3235 771 3298; x_wconf 76' lang='lat' dir='ltr'><strong>Generatim</strong></span> <span class='ocrx_word' id='word_1_231' title='bbox 791 3235 883 3300; x_wconf 93' lang='lat' dir='ltr'><strong>labor</strong></span> <span class='ocrx_word' id='word_1_232' title='bbox 902 3236 1057 3300; x_wconf 88' lang='lat' dir='ltr'><strong>versionis</strong></span> <span class='ocrx_word' id='word_1_233' title='bbox 1080 3236 1214 3300; x_wconf 88' lang='lat' dir='ltr'><strong>biblicae</strong></span> <span class='ocrx_word' id='word_1_234' title='bbox 1229 3241 1280 3300; x_wconf 88' lang='lat' dir='ltr'><strong>tot</strong></span> <span class='ocrx_word' id='word_1_235' title='bbox 1296 3257 1336 3300; x_wconf 89' lang='lat' dir='ltr'><strong>ae</strong></span> <span class='ocrx_word' id='word_1_236' title='bbox 1352 3242 1455 3302; x_wconf 76' lang='lat' dir='ltr'><strong>tantm</strong></span> 
     </span>
    </p>
   </div>
   <div class='ocr_carea' id='block_1_10' title="bbox 271 3341 1457 3428">
    <p class='ocr_par' dir='ltr' id='par_1_12' title="bbox 271 3341 1457 3428">
     <span class='ocr_line' id='line_1_27' title="bbox 271 3341 1457 3428; baseline -0.001 -23"><span class='ocrx_word' id='word_1_237' title='bbox 271 3344 361 3406; x_wconf 90' lang='lat' dir='ltr'><strong>dotes</strong></span> <span class='ocrx_word' id='word_1_238' title='bbox 376 3343 526 3426; x_wconf 86' lang='lat' dir='ltr'><strong>requirit,</strong></span> <span class='ocrx_word' id='word_1_239' title='bbox 555 3346 591 3406; x_wconf 89' lang='lat' dir='ltr'><strong>nt</strong></span> <span class='ocrx_word' id='word_1_240' title='bbox 612 3362 703 3406; x_wconf 92' lang='lat' dir='ltr'><strong>nemo</strong></span> <span class='ocrx_word' id='word_1_241' title='bbox 723 3343 771 3406; x_wconf 95' lang='lat' dir='ltr'><strong>illi</strong></span> <span class='ocrx_word' id='word_1_242' title='bbox 792 3341 982 3426; x_wconf 83' lang='lat' dir='ltr'><strong>perficiendo</strong></span> <span class='ocrx_word' id='word_1_243' title='bbox 1004 3365 1063 3428; x_wconf 86' lang='lat' dir='ltr'><strong>par</strong></span> <span class='ocrx_word' id='word_1_244' title='bbox 1085 3345 1297 3423; x_wconf 86' lang='lat' dir='ltr'><strong>existimetur,</strong></span> <span class='ocrx_word' id='word_1_245' title='bbox 1323 3345 1386 3408; x_wconf 89' lang='lat' dir='ltr'><strong>nisi</strong></span> <span class='ocrx_word' id='word_1_246' title='bbox 1409 3344 1457 3427; x_wconf 90' lang='lat' dir='ltr'><strong>qni</strong></span> 
     </span>
    </p>
   </div>
   <div class='ocr_carea' id='block_1_11' title="bbox 273 3451 1456 3537">
    <p class='ocr_par' dir='ltr' id='par_1_13' title="bbox 273 3429 1544 3564">
     <span class='ocr_line' id='line_1_28' title="bbox 273 3451 1456 3537; baseline 0.002 -25"><span class='ocrx_word' id='word_1_247' title='bbox 273 3451 475 3536; x_wconf 86' lang='lat' dir='ltr'><strong>sagacissimo</strong></span> <span class='ocrx_word' id='word_1_248' title='bbox 491 3451 615 3537; x_wconf 89' lang='lat' dir='ltr'><strong>ingenio</strong></span> <span class='ocrx_word' id='word_1_249' title='bbox 635 3473 671 3514; x_wconf 86' lang='lat' dir='ltr'><strong>aa</strong></span> <span class='ocrx_word' id='word_1_250' title='bbox 688 3451 893 3518; x_wconf 89' lang='lat' dir='ltr'><strong>subtilissimo</strong></span> <span class='ocrx_word' id='word_1_251' title='bbox 908 3452 1032 3536; x_wconf 86' lang='lat' dir='ltr'><strong>pulchri</strong></span> <span class='ocrx_word' id='word_1_252' title='bbox 1047 3474 1085 3516; x_wconf 89' lang='lat' dir='ltr'><strong>ac</strong></span> <span class='ocrx_word' id='word_1_253' title='bbox 1102 3453 1209 3518; x_wconf 86' lang='lat' dir='ltr'><strong>decori</strong></span> <span class='ocrx_word' id='word_1_254' title='bbox 1221 3471 1318 3516; x_wconf 88' lang='lat' dir='ltr'><strong>senso</strong></span> <span class='ocrx_word' id='word_1_255' title='bbox 1334 3453 1456 3536; x_wconf 90' lang='lat' dir='ltr'><strong>praedi·</strong></span> 
     </span>
    </p>
   </div>
   <div class='ocr_carea' id='block_1_12' title="bbox 272 3559 1456 3645">
    <p class='ocr_par' dir='ltr' id='par_1_14' title="bbox 272 3559 1456 3645">
     <span class='ocr_line' id='line_1_29' title="bbox 272 3559 1456 3645; baseline 0 -23"><span class='ocrx_word' id='word_1_256' title='bbox 272 3565 335 3640; x_wconf 93' lang='lat' dir='ltr'><strong>tus,</strong></span> <span class='ocrx_word' id='word_1_257' title='bbox 353 3560 452 3624; x_wconf 90' lang='lat' dir='ltr'><strong>omnis</strong></span> <span class='ocrx_word' id='word_1_258' title='bbox 467 3559 592 3645; x_wconf 87' lang='lat' dir='ltr'><strong>generis</strong></span> <span class='ocrx_word' id='word_1_259' title='bbox 609 3559 785 3624; x_wconf 87' lang='lat' dir='ltr'><strong>eruditione</strong></span> <span class='ocrx_word' id='word_1_260' title='bbox 800 3561 985 3641; x_wconf 88' lang='lat' dir='ltr'><strong>instructus,</strong></span> <span class='ocrx_word' id='word_1_261' title='bbox 1009 3562 1041 3626; x_wconf 89' lang='lat' dir='ltr'><strong>in</strong></span> <span class='ocrx_word' id='word_1_262' title='bbox 1059 3560 1273 3627; x_wconf 73' lang='lat' dir='ltr'><strong>classicorum</strong></span> <span class='ocrx_word' id='word_1_263' title='bbox 1288 3562 1456 3644; x_wconf 87' lang='lat' dir='ltr'><strong>praecipue</strong></span> 
     </span>
    </p>
   </div>
   <div class='ocr_carea' id='block_1_13' title="bbox 272 3668 1456 3754">
    <p class='ocr_par' dir='ltr' id='par_1_15' title="bbox 272 3639 1544 3756">
     <span class='ocr_line' id='line_1_30' title="bbox 272 3668 1456 3754; baseline 0.002 -25"><span class='ocrx_word' id='word_1_264' title='bbox 272 3668 532 3752; x_wconf 85' lang='lat' dir='ltr'><strong>interpretatione</strong></span> <span class='ocrx_word' id='word_1_265' title='bbox 547 3668 781 3734; x_wconf 86' lang='lat' dir='ltr'><strong>versatissimus</strong></span> <span class='ocrx_word' id='word_1_266' title='bbox 795 3670 903 3746; x_wconf 77' lang='lat' dir='ltr'><strong>fuerit,</strong></span> <span class='ocrx_word' id='word_1_267' title='bbox 927 3691 963 3734; x_wconf 91' lang='lat' dir='ltr'><strong>ac</strong></span> <span class='ocrx_word' id='word_1_268' title='bbox 980 3669 1228 3754; x_wconf 77' lang='lat' dir='ltr'><strong>perfectissima,</strong></span> <span class='ocrx_word' id='word_1_269' title='bbox 1253 3688 1336 3751; x_wconf 84' lang='lat' dir='ltr'><strong>qnae</strong></span> <span class='ocrx_word' id='word_1_270' title='bbox 1352 3668 1456 3732; x_wconf 84' lang='lat' dir='ltr'><strong>baberi</strong></span> 
     </span>
    </p>
   </div>
   <div class='ocr_carea' id='block_1_14' title="bbox 272 3776 1459 4078">
    <p class='ocr_par' dir='ltr' id='par_1_16' title="bbox 272 3776 1459 4078">
     <span class='ocr_line' id='line_1_31' title="bbox 272 3776 1457 3862; baseline 0.001 -23"><span class='ocrx_word' id='word_1_271' title='bbox 272 3780 389 3859; x_wconf 87' lang='lat' dir='ltr'><strong>potest,</strong></span> <span class='ocrx_word' id='word_1_272' title='bbox 411 3776 586 3862; x_wconf 84' lang='lat' dir='ltr'><strong>linguarum</strong></span> <span class='ocrx_word' id='word_1_273' title='bbox 601 3776 715 3840; x_wconf 91' lang='lat' dir='ltr'><strong>notitia</strong></span> <span class='ocrx_word' id='word_1_274' title='bbox 730 3777 923 3842; x_wconf 83' lang='lat' dir='ltr'><strong>excelluerit.</strong></span> <span class='ocrx_word' id='word_1_275' title='bbox 946 3779 996 3840; x_wconf 78' lang='lat' dir='ltr'><strong>Ad</strong></span> <span class='ocrx_word' id='word_1_276' title='bbox 1013 3779 1098 3862; x_wconf 92' lang='lat' dir='ltr'><strong>quod</strong></span> <span class='ocrx_word' id='word_1_277' title='bbox 1110 3779 1168 3840; x_wconf 90' lang='lat' dir='ltr'><strong>bac</strong></span> <span class='ocrx_word' id='word_1_278' title='bbox 1183 3777 1216 3840; x_wconf 93' lang='lat' dir='ltr'><strong>in</strong></span> <span class='ocrx_word' id='word_1_279' title='bbox 1231 3797 1267 3838; x_wconf 92' lang='lat' dir='ltr'><strong>re</strong></span> <span class='ocrx_word' id='word_1_280' title='bbox 1281 3777 1457 3840; x_wconf 88' lang='lat' dir='ltr'><strong>enitendum</strong></span> 
     </span>
     <span class='ocr_line' id='line_1_32' title="bbox 274 3882 1459 3969; baseline -0.001 -21"><span class='ocrx_word' id='word_1_281' title='bbox 274 3888 334 3965; x_wconf 87' lang='lat' dir='ltr'><strong>est,</strong></span> <span class='ocrx_word' id='word_1_282' title='bbox 357 3882 389 3945; x_wconf 92' lang='lat' dir='ltr'><strong>in</strong></span> <span class='ocrx_word' id='word_1_283' title='bbox 406 3904 443 3948; x_wconf 92' lang='lat' dir='ltr'><strong>eo</strong></span> <span class='ocrx_word' id='word_1_284' title='bbox 462 3883 618 3966; x_wconf 87' lang='lat' dir='ltr'><strong>consistit,</strong></span> <span class='ocrx_word' id='word_1_285' title='bbox 642 3889 677 3948; x_wconf 90' lang='lat' dir='ltr'><strong>ut</strong></span> <span class='ocrx_word' id='word_1_286' title='bbox 693 3904 805 3948; x_wconf 91' lang='lat' dir='ltr'><strong>sensus</strong></span> <span class='ocrx_word' id='word_1_287' title='bbox 821 3885 955 3950; x_wconf 88' lang='lat' dir='ltr'><strong>biblicus</strong></span> <span class='ocrx_word' id='word_1_288' title='bbox 971 3903 990 3946; x_wconf 90' lang='lat' dir='ltr'><strong>a</strong></span> <span class='ocrx_word' id='word_1_289' title='bbox 1004 3884 1195 3948; x_wconf 90' lang='lat' dir='ltr'><strong>translatore</strong></span> <span class='ocrx_word' id='word_1_290' title='bbox 1218 3891 1370 3948; x_wconf 84' lang='lat' dir='ltr'><strong>accurate</strong></span> <span class='ocrx_word' id='word_1_291' title='bbox 1386 3906 1459 3969; x_wconf 86' lang='lat' dir='ltr'><strong>cog·</strong></span> 
     </span>
     <span class='ocr_line' id='line_1_33' title="bbox 272 3991 1456 4078; baseline -0.003 -22"><span class='ocrx_word' id='word_1_292' title='bbox 272 3993 367 4071; x_wconf 88' lang='lat' dir='ltr'><strong>nitus,</strong></span> <span class='ocrx_word' id='word_1_293' title='bbox 387 4012 445 4055; x_wconf 88' lang='lat' dir='ltr'><strong>nec</strong></span> <span class='ocrx_word' id='word_1_294' title='bbox 466 3991 635 4076; x_wconf 76' lang='lat' dir='ltr'><strong>perfectius</strong></span> <span class='ocrx_word' id='word_1_295' title='bbox 651 4013 707 4056; x_wconf 91' lang='lat' dir='ltr'><strong>nee</strong></span> <span class='ocrx_word' id='word_1_296' title='bbox 728 3992 952 4078; x_wconf 78' lang='lat' dir='ltr'><strong>imperfectius,</strong></span> <span class='ocrx_word' id='word_1_297' title='bbox 974 4012 1064 4076; x_wconf 89' lang='lat' dir='ltr'><strong>quam</strong></span> <span class='ocrx_word' id='word_1_298' title='bbox 1086 3991 1118 4055; x_wconf 91' lang='lat' dir='ltr'><strong>in</strong></span> <span class='ocrx_word' id='word_1_299' title='bbox 1141 3991 1290 4078; x_wconf 85' lang='lat' dir='ltr'><strong>originali</strong></span> <span class='ocrx_word' id='word_1_300' title='bbox 1313 3991 1456 4068; x_wconf 89' lang='lat' dir='ltr'><strong>babetur,</strong></span> 
     </span>
    </p>
   </div>
   <div class='ocr_carea' id='block_1_15' title="bbox 272 4095 1544 4183">
    <p class='ocr_par' dir='ltr' id='par_1_17' title="bbox 272 4095 1544 4183">
     <span class='ocr_line' id='line_1_34' title="bbox 272 4095 1544 4183; baseline -0.02 -19"><span class='ocrx_word' id='word_1_301' title='bbox 272 4097 477 4183; x_wconf 83' lang='lat' dir='ltr'><strong>exprimatur,</strong></span> <span class='ocrx_word' id='word_1_302' title='bbox 499 4120 556 4164; x_wconf 88' lang='lat' dir='ltr'><strong>nec</strong></span> <span class='ocrx_word' id='word_1_303' title='bbox 576 4108 775 4166; x_wconf 88' lang='lat' dir='ltr'><strong>removeatur</strong></span> <span class='ocrx_word' id='word_1_304' title='bbox 798 4099 923 4164; x_wconf 88' lang='lat' dir='ltr'><strong>minima</strong></span> <span class='ocrx_word' id='word_1_305' title='bbox 943 4099 1018 4164; x_wconf 92' lang='lat' dir='ltr'><strong>libri</strong></span> <span class='ocrx_word' id='word_1_306' title='bbox 1040 4098 1183 4170; x_wconf 85' lang='lat' dir='ltr'><strong>vertendi</strong></span> <span class='ocrx_word' id='word_1_307' title='bbox 1208 4097 1409 4181; x_wconf 55' lang='lat' dir='ltr'><strong>proprietas,</strong></span> <span class='ocrx_word' id='word_1_308' title='bbox 1435 4095 1460 4158; x_wconf 66' lang='lat'><strong>,1</strong></span> <span class='ocrx_word' id='word_1_309' title='bbox 1543 4109 1544 4138; x_wconf 84' lang='lat' dir='ltr'><strong>l</strong></span> 
     </span>
    </p>
   </div>
   <div class='ocr_carea' id='block_1_16' title="bbox 274 4205 637 4296">
    <p class='ocr_par' dir='ltr' id='par_1_18' title="bbox 274 4205 637 4296">
     <span class='ocr_line' id='line_1_35' title="bbox 274 4205 637 4296; baseline -0.006 -22"><span class='ocrx_word' id='word_1_310' title='bbox 274 4210 410 4296; x_wconf 90' lang='lat' dir='ltr'><strong>lingnam</strong></span> <span class='ocrx_word' id='word_1_311' title='bbox 427 4208 564 4292; x_wconf 83' lang='lat' dir='ltr'><strong>excipias</strong></span> <span class='ocrx_word' id='word_1_312' title='bbox 580 4205 637 4295; x_wconf 77' lang='lat'><strong>¹³).</strong></span> 
     </span>
    </p>
   </div>
   <div class='ocr_carea' id='block_1_17' title="bbox 364 4314 1544 4401">
    <p class='ocr_par' dir='ltr' id='par_1_19' title="bbox 364 4314 1544 4401">
     <span class='ocr_line' id='line_1_36' title="bbox 364 4314 1544 4401; baseline -0.006 -21"><span class='ocrx_word' id='word_1_313' title='bbox 364 4317 514 4396; x_wconf 79' lang='lat' dir='ltr'><strong>Quaestio</strong></span> <span class='ocrx_word' id='word_1_314' title='bbox 532 4316 569 4380; x_wconf 92' lang='lat' dir='ltr'><strong>ab</strong></span> <span class='ocrx_word' id='word_1_315' title='bbox 586 4315 719 4380; x_wconf 90' lang='lat' dir='ltr'><strong>eruditis</strong></span> <span class='ocrx_word' id='word_1_316' title='bbox 735 4321 830 4397; x_wconf 89' lang='lat' dir='ltr'><strong>mota,</strong></span> <span class='ocrx_word' id='word_1_317' title='bbox 854 4321 957 4380; x_wconf 78' lang='lat' dir='ltr'><strong>unum</strong></span> <span class='ocrx_word' id='word_1_318' title='bbox 970 4321 1147 4401; x_wconf 79' lang='lat' dir='ltr'><strong>potmatum</strong></span> <span class='ocrx_word' id='word_1_319' title='bbox 1159 4314 1382 4380; x_wconf 86' lang='lat' dir='ltr'><strong>hebraicorum</strong></span> <span class='ocrx_word' id='word_1_320' title='bbox 1392 4333 1458 4375; x_wconf 86' lang='lat' dir='ltr'><strong>ver·</strong></span> <span class='ocrx_word' id='word_1_321' title='bbox 1543 4355 1544 4384; x_wconf 76' lang='lat'><strong>,</strong></span> 
     </span>
    </p>
   </div>
   <div class='ocr_carea' id='block_1_18' title="bbox 274 4421 1458 4726">
    <p class='ocr_par' dir='ltr' id='par_1_20' title="bbox 274 4421 1458 4726">
     <span class='ocr_line' id='line_1_37' title="bbox 277 4421 1458 4514; baseline -0.004 -26"><span class='ocrx_word' id='word_1_322' title='bbox 277 4426 324 4489; x_wconf 87' lang='lat' dir='ltr'><strong>sio</strong></span> <span class='ocrx_word' id='word_1_323' title='bbox 340 4435 443 4490; x_wconf 76' lang='lat' dir='ltr'><strong>metro</strong></span> <span class='ocrx_word' id='word_1_324' title='bbox 459 4424 680 4511; x_wconf 89' lang='lat' dir='ltr'><strong>adstringenda</strong></span> <span class='ocrx_word' id='word_1_325' title='bbox 696 4425 749 4514; x_wconf 65' lang='grc'><strong>111,</strong></span> <span class='ocrx_word' id='word_1_326' title='bbox 773 4445 831 4488; x_wconf 91' lang='lat' dir='ltr'><strong>neo</strong></span> <span class='ocrx_word' id='word_1_327' title='bbox 848 4444 897 4502; x_wconf 89' lang='lat' dir='ltr'><strong>ne,</strong></span> <span class='ocrx_word' id='word_1_328' title='bbox 921 4444 940 4486; x_wconf 94' lang='lat' dir='ltr'><strong>a</strong></span> <span class='ocrx_word' id='word_1_329' title='bbox 954 4424 1088 4488; x_wconf 90' lang='lat' dir='ltr'><strong>diversis</strong></span> <span class='ocrx_word' id='word_1_330' title='bbox 1105 4423 1230 4487; x_wconf 90' lang='lat' dir='ltr'><strong>diverso</strong></span> <span class='ocrx_word' id='word_1_331' title='bbox 1245 4424 1343 4485; x_wconf 92' lang='lat' dir='ltr'><strong>modo</strong></span> <span class='ocrx_word' id='word_1_332' title='bbox 1359 4421 1458 4486; x_wconf 84' lang='lat' dir='ltr'><strong>solnta</strong></span> 
     </span>
     <span class='ocr_line' id='line_1_38' title="bbox 274 4531 1456 4618; baseline -0.007 -20"><span class='ocrx_word' id='word_1_333' title='bbox 274 4541 335 4598; x_wconf 88' lang='lat' dir='ltr'><strong>est.</strong></span> <span class='ocrx_word' id='word_1_334' title='bbox 359 4535 408 4598; x_wconf 94' lang='lat' dir='ltr'><strong>llli</strong></span> <span class='ocrx_word' id='word_1_335' title='bbox 424 4536 504 4599; x_wconf 86' lang='lat' dir='ltr'><strong>baud</strong></span> <span class='ocrx_word' id='word_1_336' title='bbox 518 4533 610 4598; x_wconf 89' lang='lat' dir='ltr'><strong>dubie</strong></span> <span class='ocrx_word' id='word_1_337' title='bbox 623 4538 740 4615; x_wconf 90' lang='lat' dir='ltr'><strong>errant,</strong></span> <span class='ocrx_word' id='word_1_338' title='bbox 758 4533 811 4618; x_wconf 93' lang='lat' dir='ltr'><strong>qni</strong></span> <span class='ocrx_word' id='word_1_339' title='bbox 826 4533 1005 4618; x_wconf 88' lang='lat' dir='ltr'><strong>promiscue</strong></span> <span class='ocrx_word' id='word_1_340' title='bbox 1022 4532 1244 4616; x_wconf 87' lang='lat' dir='ltr'><strong>cujuscumque</strong></span> <span class='ocrx_word' id='word_1_341' title='bbox 1261 4531 1358 4594; x_wconf 89' lang='lat' dir='ltr'><strong>metri</strong></span> <span class='ocrx_word' id='word_1_342' title='bbox 1373 4551 1456 4592; x_wconf 88' lang='lat' dir='ltr'><strong>nsum</strong></span> 
     </span>
     <span class='ocr_line' id='line_1_39' title="bbox 276 4641 1456 4726; baseline -0.006 -22"><span class='ocrx_word' id='word_1_343' title='bbox 276 4643 459 4706; x_wconf 87' lang='lat' dir='ltr'><strong>concedant.</strong></span> <span class='ocrx_word' id='word_1_344' title='bbox 490 4643 611 4708; x_wconf 83' lang='lat' dir='ltr'><strong>Etenim</strong></span> <span class='ocrx_word' id='word_1_345' title='bbox 634 4664 701 4706; x_wconf 88' lang='lat' dir='ltr'><strong>curn</strong></span> <span class='ocrx_word' id='word_1_346' title='bbox 723 4642 870 4707; x_wconf 88' lang='lat' dir='ltr'><strong>hebraica</strong></span> <span class='ocrx_word' id='word_1_347' title='bbox 893 4646 1038 4726; x_wconf 70' lang='lat' dir='ltr'><strong>poemata</strong></span> <span class='ocrx_word' id='word_1_348' title='bbox 1058 4647 1160 4706; x_wconf 91' lang='lat' dir='ltr'><strong>metro</strong></span> <span class='ocrx_word' id='word_1_349' title='bbox 1185 4641 1298 4706; x_wconf 88' lang='lat' dir='ltr'><strong>stricto</strong></span> <span class='ocrx_word' id='word_1_350' title='bbox 1321 4643 1456 4712; x_wconf 84' lang='lat' dir='ltr'><strong>careant,</strong></span> 
     </span>
    </p>
   </div>
   <div class='ocr_carea' id='block_1_19' title="bbox 0 0 1571 5284">
    <p class='ocr_par' dir='ltr' id='par_1_21' title="bbox 0 0 1571 5284">
     <span class='ocr_line' id='line_1_40' title="bbox 0 0 1571 5284; baseline 0 0"><span class='ocrx_word' id='word_1_351' title='bbox 0 0 1571 5284; x_wconf 95' lang='lat' dir='ltr'><strong> </strong></span> 
     </span>
    </p>
   </div>
  </div>
 </body>
</html>
