3092 5286
285 465 357 542 178

402 649 430 694 tn
450 644 615 704 explicatione
633 642 771 704 allegorice
789 645 908 692 errerunt
924 642 1013 706 plures
1029 644 1197 702 interpretum
1215 645 1402 706 antiquorum,
1418 647 1459 692 ed·

345 739 441 800 junctis
460 733 661 783 occidentalibus
676 731 749 793 lusto
764 735 830 793 plue,
851 737 943 780 contre
963 733 1050 792 plures
1068 735 1258 796 recentiorum,
1279 736 1382 782 eisdem
1394 735 1460 796 josto

352 830 434 875 minue
451 827 603 873 tribuentes.
620 823 726 869 Priores
745 836 768 870 e.
785 837 809 882 g.
830 824 912 870 omnis
930 823 1050 884 odjnnctn
1068 827 1181 882 prolixee
1198 826 1321 885 imaginis
1339 827 1460 886 tineent,

352 920 377 965 t.
393 932 468 978 sqq.,
488 927 593 976 quornm
611 915 687 973 pluro
703 913 838 962 menitesto
855 915 938 962 noturn
954 915 985 960 sd
1002 919 1118 962 ornetunr
1137 919 1163 962 et
1177 917 1332 963 viridiorem
1350 919 1460 976 descrip-

349 1010 444 1056 tionem
471 1007 575 1060 adeunt,
607 1016 717 1062 operose
746 1006 933 1064 exposuerunt,
959 1006 1004 1050 elit
1028 1007 1078 1051 etis
1100 1007 1270 1052 invenientes.
1301 1007 1460 1054 Posteriores

350 1103 440 1146 contro
459 1096 649 1156 inimaginibus
668 1095 839 1156 propheticis,
858 1093 950 1154 quinon
968 1107 1075 1154 regnum
1093 1095 1246 1142 ttesstsnum
1265 1109 1324 1143 cunr
1336 1098 1460 1144 distinctis

347 1195 373 1238 et
390 1191 429 1236 eet
447 1189 523 1236 oleris
538 1187 646 1246 plurium
669 1185 782 1246 ejusdem
799 1188 935 1233 eventuum
951 1185 1099 1244 specialium
1116 1185 1336 1244 praedictionibus
1357 1200 1459 1247 reprec-

343 1279 507 1338 eentebetur,
535 1277 569 1322 nti
587 1276 638 1322 nisi
653 1275 787 1336 generales
805 1275 991 1336 promissiones
1017 1277 1132 1323 melioris
1160 1278 1245 1324 stetur
1271 1289 1321 1338 por
1344 1277 1459 1325 ntessnn

351 1369 509 1427 adducendi,
528 1368 570 1414 vel
587 1367 708 1414 victorius
722 1365 753 1412 ult
773 1366 818 1412 iiio
843 1366 952 1413 devictis
971 1366 1083 1426 gentium
1108 1367 1343 1424 oppugnetionilnos
1371 1379 1459 1430 repor-

346 1460 438 1506 teudse
454 1458 581 1504 viderunt.

745 1613 774 1682 s-
791 1609 843 1672 tlt.
858 1611 986 1673 ttstonen

367 1765 510 1828 Visiones
528 1764 600 1826 sunt
623 1757 771 1846 imagines
791 1781 896 1824 rerum
921 1761 1039 1824 ordinis
1060 1761 1325 1844 supernaturalis,
1351 1763 1459 1846 quihus

272 1877 449 1938 interventu
471 1870 574 1934 divino
598 1870 748 1952 quaedem
764 1869 915 1932 veritates
931 1869 981 1931 vel
998 1869 1078 1932 certi
1093 1874 1221 1933 eventus
1238 1869 1338 1932 loturi
1354 1872 1459 1932 edum-

271 1982 411 2045 hrnntur.
446 1981 510 2044 Res
534 1999 628 2056 vero,
658 1998 737 2062 quae
759 1977 792 2039 iu
814 1976 935 2040 risione
957 1975 1098 2064 imaginis
1123 1977 1222 2040 instar
1245 1981 1340 2042 modo
1366 1980 1458 2042 menti

273 2091 407 2156 hominis
423 2091 455 2152 in
473 2089 588 2153 exstasi
601 2087 651 2150 vel
668 2087 799 2166 somnio,
813 2087 905 2149 modo
924 2085 1023 2150 oculis
1041 2087 1203 2170 corporeis
1219 2087 1309 2174 signo
1327 2091 1457 2172 quodem

273 2199 436 2284 objicitur,
459 2199 642 2282 plerumque
657 2194 822 2282 prolixiori
838 2194 980 2260 cretione
997 2195 1203 2275 describitur,
1226 2197 1331 2260 rarius
1352 2199 1456 2281 paucis

271 2313 392 2370 tentum
415 2305 520 2370 verbis
543 2304 729 2389 proponitur
744 2301 789 2393 1).

362 2414 564 2498 Distinguunt
580 2412 664 2476 inter
677 2412 827 2476 visionem
844 2414 1055 2494 atteqortcam
1070 2417 1101 2476 et
1111 2415 1314 2496 diotericum,
1330 2436 1456 2499 querum

270 2524 360 2607 prior
379 2522 516 2600 obtinet,
541 2521 663 2606 quondo
687 2521 777 2606 signo
799 2521 953 2605 quodem,
977 2522 1061 2603 quod
1086 2521 1340 2605 conspiciendum
1369 2524 1453 2588 exhi·

268 2631 371 2711 betur,
395 2629 540 2694 doctrino
566 2629 669 2713 alique
690 2630 740 2692 vel
761 2637 961 2713 praeceptum
992 2633 1265 2714 repraesentatur3
1294 2631 1454 2715 posterior
1530 2621 1531 2641 ¹

267 2762 342 2804 vero
366 2739 470 2804 locum
491 2737 600 2819 hebet,
625 2739 748 2822 quando
771 2759 841 2818 res,
866 2759 945 2822 quae
969 2737 1017 2801 vel
1043 2759 1151 2804 revere
1173 2739 1378 2824 conspicitur,
1405 2738 1452 2802 vel

268 2850 370 2915 solum
394 2852 564 2932 conspecto
591 2847 727 2926 dicitur,
758 2846 832 2928 quin
862 2866 973 2910 revere
1000 2845 1124 2912 obtutui
1154 2849 1310 2914 narrentis
1334 2848 1453 2932 objecto

266 2959 380 3038 suerit,
403 2958 442 3020 ud
458 2961 599 3020 eventum
620 2956 781 3039 quemdem
797 2955 992 3019 indicendum
1008 2955 1074 3018 vise
1089 2957 1287 3041 proponitur,
1304 2978 1397 3042 quem
1417 2958 1452 3022 ob

267 3089 332 3131 rem
344 3066 421 3130 haec
438 3065 469 3127 in
485 3065 636 3128 visionem
653 3063 835 3126 historicam
851 3083 965 3128 oerum
981 3068 1131 3149 etfictam
1147 3064 1411 3154 subdividitur²).

356 3176 447 3254 Quod
464 3175 502 3236 ed
517 3172 647 3237 visionis
665 3171 958 3254 interpretationem
975 3177 1113 3256 spectet,
1137 3173 1349 3256 peculiaribus
1362 3195 1451 3260 proe-

267 3283 367 3368 ceptis
391 3301 470 3366 opus
493 3303 555 3344 non
579 3284 637 3344 est.
661 3279 784 3342 Etenim
807 3278 839 3340 io
862 3279 981 3342 visione
1004 3279 1159 3343 historice
1179 3279 1262 3344 sicul
1289 3282 1322 3344 iu
1348 3283 1451 3372 quous

263 3391 397 3476 imagine
421 3390 552 3473 primum
575 3387 613 3453 eb
629 3389 802 3472 interprete
823 3407 887 3466 res,
905 3407 984 3472 qone
1003 3389 1070 3452 sive
1089 3389 1274 3474 conspectui
1292 3390 1449 3475 loquentis

266 3499 305 3561 od
324 3499 416 3560 olium
437 3519 503 3562 rem
526 3497 746 3581 designandam
762 3516 836 3558 vere
855 3495 960 3558 oblatu
978 3495 1089 3576 fuerit,
1106 3497 1171 3561 sive
1188 3497 1289 3563 solum
1305 3500 1345 3562 nlo
1363 3520 1400 3562 eo
1416 3500 1451 3562 od

268 3606 348 3668 huno
364 3605 457 3668 linem
474 3606 649 3687 composite
659 3608 805 3685 torquem
819 3608 989 3685 conspecto
1000 3603 1192 3685 exhibentur,
1204 3605 1302 3688 probe
1317 3625 1451 3691 eognos-

266 3715 362 3776 cende
379 3718 443 3792 est3
466 3713 537 3775 dein
554 3733 591 3775 ex
607 3713 711 3776 indole
727 3712 774 3775 rei
790 3712 876 3777 visae
890 3711 1086 3794 caeterisque
1102 3713 1251 3777 subsidiis
1266 3713 1450 3779 hermeneu-

264 3821 339 3885 tiois
364 3825 492 3884 eruetur
515 3841 551 3884 en
569 3841 639 3899 rcS,
669 3841 747 3904 quoe
763 3819 884 3884 visione
905 3821 964 3884 heo
987 3841 1044 3882 ceu
1061 3819 1194 3906 imagine
1212 3819 1381 3884 indicetur.
1405 3823 1449 3884 At
1518 3811 1519 3829 ¹

265 3930 475 4012 explicandam
506 3929 654 3992 visionem
678 3927 879 4014 allegoricam
901 3948 998 4010 porro
1017 3929 1055 3992 ed
1087 3948 1123 3990 ee
1149 3929 1341 3994 attendendo
1369 3949 1448 4006 esse,

263 4059 341 4120 queo
360 4039 398 4100 de
420 4037 662 4122 interpretandis
680 4035 839 4120 allegoriis
856 4035 888 4098 in
912 4035 1018 4119 speeie
1042 4035 1146 4098 velere
1168 4035 1319 4115 diximus,
1344 4056 1403 4122 per
1419 4055 1450 4097 se

266 4155 352 4232 potet
365 4146 408 4234 ³).

297 4309 321 4380 ¹)
341 4313 559 4368 innoxiorum,
580 4325 646 4372 quos
663 4310 793 4360 ltiolreeee
810 4310 954 4370 prophetoe
971 4311 1096 4370 contigit,
1116 4315 1235 4358 narretur
1250 4311 1271 4358 l.
1294 4310 1362 4370 lios.
1376 4310 1448 4368 xxti,

340 4407 382 4456 tt.
403 4417 476 4464 equ:
500 4405 552 4450 itte
574 4399 726 4462 (Propheta)
748 4414 813 4448 nero
832 4401 934 4448 addens
959 4399 1016 4448 uit:
1045 4401 1196 4462 Propterea
1217 4399 1283 4453 nudi
1302 4413 1448 4448 sermonem
1511 4431 1512 4436 =

337 4495 458 4546 Morini:
482 4493 542 4542 Vidi
560 4491 699 4540 Dominum
716 4492 851 4540 sedentem
868 4504 950 4554 super
968 4491 1066 4540 solium
1085 4503 1180 4546 ocum,
1202 4491 1228 4538 et
1246 4503 1352 4538 omrem
1371 4503 1445 4537 exer·

336 4588 415 4635 mlum
442 4583 511 4634 coeti
529 4582 697 4632 assistentem
716 4596 732 4628 u
752 4580 858 4630 electris
879 4580 1095 4635 craticulatus,
1124 4582 1151 4626 et
1168 4579 1224 4628 ait:
1255 4579 1318 4637 (iuis
1341 4579 1447 4641 decipiet

332 4678 420 4728 Aedui
439 4689 529 4738 recem
546 4674 650 4732 irruet,
672 4675 702 4721 ut
718 4675 846 4722 ascendut
864 4675 890 4722 et
909 4673 990 4722 cadot
1008 4671 1035 4720 in
1055 4671 1167 4725 nometi
1188 4666 1319 4722 detonat
1342 4674 1368 4722 ct
1384 4669 1446 4720 nteit
