3112 5284
238 401 317 475 2²10

328 579 352 640 l.
376 577 422 640 oe
442 591 534 638 sensu
560 567 750 656 explorando
776 567 899 632 ratione
926 567 1033 632 habita
1048 563 1169 632 divim
1197 584 1224 630 a.
1242 565 1423 650 Scripturae

237 686 369 773 originis
384 686 416 748 in
432 704 467 746 se
483 685 653 765 spectatae.

328 795 368 856 ll.
382 776 782 856 Deautlncnticalicclesiac
792 783 1246 868 catholicaeinterpretatione,
1257 785 1425 867 etdcniqnc

314 899 367 966 lll.
385 903 424 964 de
439 897 557 982 duplici
571 896 773 980 quorumdam
789 895 931 958 locorum
946 911 1050 958 sensu.

727 1128 887 1208 CAPUT
916 1125 943 1205 Ι.

240 1298 330 1358 uenus
354 1288 531 1356 antonum
556 1287 672 1350 seusun
698 1289 724 1347 s.
744 1287 925 1348 susurrones
948 1282 1072 1347 morona
1097 1281 1200 1346 auom
1225 1285 1344 1346 nurum
1365 1282 1427 1345 noos

619 1397 740 1458 onuums
767 1397 794 1455 n
821 1397 858 1456 sn
882 1396 1058 1456 sueonum.

817 1567 838 1614 Α

303 1675 679 1750 attramentarium
700 1673 805 1734 mnu
820 1673 965 1734 modom
988 1673 1101 1747 omma
1121 1670 1150 1734 ta
1174 1688 1206 1734 ee
1229 1677 1376 1748 spectatae

592 1769 740 1842 namneti
755 1773 908 1845 manaan
922 1774 1086 1836 nemum

331 1918 412 1998 Quia
436 1913 643 2004 hagiographi
666 1915 816 1981 veritates
843 1915 991 1983 divinitus
1019 1913 1079 1982 sibi
1107 1913 1309 1982 demandatus
1327 1914 1432 1980 afflatu

243 2027 385 2114 Spiritus
412 2026 505 2090 ducti
516 2030 548 2088 et
576 2025 614 2088 ab
631 2023 714 2088 omni
742 2045 852 2089 errore
868 2027 1063 2109 praeservati
1078 2027 1182 2090 literis
1201 2021 1432 2112 consignarunt,

243 2133 428 2222 interpretis
442 2129 551 2199 biblici
566 2139 632 2212 est,
656 2133 762 2198 habita
777 2133 869 2216 hujus
885 2131 1007 2200 divinae
1024 2129 1154 2221 originis
1170 2135 1295 2199 ratione
1313 2155 1352 2199 eo
1369 2137 1433 2196 sin-

245 2246 350 2332 gulari
377 2241 540 2329 diligentia
567 2241 660 2323 eniti,
685 2247 721 2305 ut
743 2263 760 2306 e
780 2241 886 2306 verbis
914 2243 1039 2308 illorum
1056 2249 1203 2308 accurate
1219 2257 1273 2307 cas
1289 2245 1433 2308 notiones

168 2360 170 2365 '
243 2371 282 2416 ac
311 2351 482 2416 sententias
510 2355 615 2432 eruat,
640 2365 716 2432 ques
743 2349 805 2434 ipsi
832 2351 936 2415 divino
959 2353 1082 2416 numine
1105 2353 1219 2417 directi
1241 2357 1348 2416 mente
1364 2373 1435 2416 con-

248 2465 416 2546 ceperunt,
468 2463 501 2524 et
537 2459 712 2524 scribentes
750 2475 819 2523 cum
849 2461 1023 2526 lectoribus
1062 2462 1128 2526 suis
1168 2463 1436 2526 communicarunt

252 2561 323 2656 (88.
341 2571 379 2646 3,
410 2565 462 2657 7).
497 2564 567 2646 Qua
593 2568 625 2631 in
652 2589 687 2630 re
715 2573 750 2632 ut
777 2566 915 2632 feliciter
942 2569 1089 2656 progredi
1117 2570 1236 2654 possit,
1261 2570 1392 2652 praevie
1408 2571 1435 2632 in

245 2677 420 2761 interprete
435 2677 638 2761 requiruntur
653 2697 757 2740 rerum
780 2675 951 2742 divinarum
968 2679 1080 2744 notitia
1096 2683 1128 2744 et
1143 2679 1296 2758 studium,
1326 2677 1437 2742 mentis

246 2786 369 2870 puritas
390 2791 483 2870 atque
508 2783 688 2864 sinceritas,
713 2784 775 2848 imo
797 2787 917 2850 animus
940 2781 1044 2850 divina
1065 2787 1168 2872 gratia
1191 2787 1237 2850 ita
1252 2787 1437 2868 dispositus,

247 2899 283 2958 ut
299 2915 368 2957 cum
384 2887 566 2957 auctoribus
583 2891 682 2956 sacris
699 2893 788 2973 quasi
811 2893 944 2975 aliquam
959 2893 1073 2958 mentis
1090 2900 1122 2958 et
1144 2895 1236 2958 animi
1254 2891 1437 2957 affinitatem

248 3003 429 3083 contrahat,
455 3005 487 3063 et
512 3001 549 3062 ad
577 2999 741 3083 capienda,
766 3021 845 3083 quae
874 3007 946 3063 sunt
972 3001 1103 3085 spiritus
1131 3001 1243 3082 divini,
1269 3003 1382 3085 sicque
1403 3001 1438 3064 ad

246 3109 465 3193 percipiendas
481 3107 541 3172 Dei
568 3107 778 3171 revelationes
805 3105 961 3172 efficiatur
983 3109 1168 3198 idoneus¹).
1202 3109 1284 3172 Dein
1310 3109 1344 3173 in
1371 3111 1437 3194 ipso

246 3211 519 3299 interpretationis
547 3214 674 3299 negotio
702 3213 878 3296 interpres,
906 3215 980 3296 quia
1006 3221 1114 3279 sancta
1141 3222 1249 3279 sancte
1275 3217 1440 3279 tractanda

248 3326 339 3402 sunt,
363 3323 462 3386 libros
488 3337 596 3386 sacros
625 3322 735 3386 eximia
762 3343 832 3386 cum
856 3323 1034 3388 reverentia
1060 3345 1096 3387 ac
1124 3323 1242 3408 pietate
1265 3327 1389 3388 tractet
1410 3329 1438 3387 et

249 3435 459 3514 prosequatur
481 3419 523 3515 ⁸).
563 3428 634 3493 lude
662 3433 843 3511 sequentem
873 3431 1012 3517 regulam
1047 3431 1224 3517 generalem
1255 3433 1437 3495 statuimus:

251 3538 384 3606 sacrae
399 3537 599 3620 scripturae
614 3541 838 3621 interpretatio
866 3545 912 3604 itu
927 3543 1136 3606 moderanda
1157 3551 1219 3623 eet,
1242 3545 1283 3604 ut
1308 3543 1438 3606 reuele-

247 3649 349 3711 tiooie
365 3661 407 3709 uc
423 3647 657 3728 inspirationis
672 3649 939 3730 pruerepeticae,
964 3667 1031 3730 pou
1044 3649 1177 3732 pendet,
1201 3651 1419 3730 respondeat.
1534 3701 1535 3726 ,

341 3752 386 3814 lix
402 3751 459 3814 hac
486 3749 612 3836 regula,
637 3771 716 3835 quae
744 3765 901 3816 caeterum
928 3755 1096 3838 perspicua
1120 3755 1214 3820 facile
1240 3752 1438 3842 intelligitur,
1534 3755 1535 3768 ¹

252 3859 360 3944 plures
376 3860 463 3944 leges
480 3857 634 3942 speciales
650 3867 718 3922 tum
734 3861 858 3925 ratione
874 3862 1094 3943 revelationis,
1117 3869 1185 3927 tum
1200 3865 1326 3927 ratione
1343 3863 1439 3946 inspi-

252 3967 401 4046 rationis,
425 3970 491 4030 tum
512 3967 636 4030 ratione
659 3967 824 4052 utriusque
841 3973 953 4053 sponte
969 3975 1157 4052 sequuntur,
1186 3991 1265 4054 quae
1287 3989 1439 4034 veronen

253 4079 345 4154 sunt,
377 4075 439 4138 nisi
471 4073 601 4138 uberior
628 4073 720 4158 hujus
748 4077 840 4140 unius
874 4077 1001 4163 regulae
1034 4079 1118 4142 circa
1144 4079 1249 4142 varius
1277 4087 1440 4164 respectus

253 4184 433 4270 applicatio.

280 4317 307 4388 1)
326 4327 456 4376 Animalia
475 4323 566 4385 bomo,
587 4329 624 4376 alt
643 4341 666 4374 s.
689 4327 814 4378 Paulus
835 4333 853 4378 l.
869 4330 930 4378 (tor.
949 4335 981 4393 lt,
1004 4335 1062 4393 ta,
1083 4345 1137 4380 noo
1158 4335 1280 4398 percipit
1303 4349 1353 4392 ea,
1378 4349 1442 4398 quus

327 4423 392 4470 suot
410 4421 529 4485 Spiritus
547 4419 610 4482 Dei,
630 4422 748 4470 etultitiu
767 4423 834 4470 enim
850 4427 892 4471 eet
911 4424 959 4482 illi,
981 4427 1007 4472 ct
1021 4439 1074 4472 uon
1086 4419 1364 4490 porcest'ntetztpere,
1384 4425 1441 4491 quin

327 4511 510 4576 opirituclitcr
534 4509 715 4559 acuminatur.
753 4513 774 4558 Α
800 4513 892 4572 quibus
915 4525 965 4561 non
986 4513 1144 4572 macerent,
1164 4509 1231 4576 quei
1255 4529 1278 4564 s.
1302 4520 1440 4568 Bernar-

329 4603 388 4650 dus
409 4604 434 4649 in
448 4604 561 4664 epistola
582 4601 781 4650 attramento
800 4609 886 4653 monte
899 4606 946 4654 liet
962 4606 1018 4667 (lla.
1039 4609 1058 4654 t.
1076 4615 1134 4668 cup:
1153 4611 1195 4656 w.
1217 4605 1284 4672 opp.
1302 4614 1367 4660 edit.
1382 4615 1440 4662 lton·
