3190 5290
1331 405 1358 466 V

286 593 389 684 Quod
417 593 585 692 reliquam
627 593 746 691 operis
780 593 929 668 sormam
959 595 1101 683 attinet,
1139 602 1274 682 textus,
1304 593 1365 690 qui

159 729 353 822 praecepta
386 719 653 794 hermeneutica
680 719 838 807 exhibet,
883 721 1089 819 plerumque
1116 718 1215 794 brevi
1252 718 1360 807 serie,

168 857 337 922 contextu
365 872 435 924 non
465 847 686 943 interrupto,
715 845 900 934 decurrit;
928 857 1034 922 notae
1062 870 1147 920 vero
1177 847 1360 948 subjectae

166 974 316 1072 copiosa
334 973 515 1072 exempla,
550 971 820 1052 dilucidationes
846 980 883 1045 ct
909 970 1052 1046 notitias
1081 971 1258 1048 literarias
1278 997 1365 1072 sug-

163 1109 308 1199 gerunt.
1262 1177 1265 1186 ,

274 1225 342 1300 Cui
367 1226 510 1300 modum
541 1225 578 1298 in
612 1225 848 1325 congerendis
883 1221 1053 1322 exemplis
1088 1249 1156 1297 non
1201 1223 1360 1298 tenuisse

163 1348 305 1440 videar,
334 1350 365 1425 is
401 1353 490 1426 sciat
516 1360 678 1450 oportet,
706 1357 898 1451 praecepta
927 1349 1046 1422 multis
1075 1351 1242 1447 exemplis
1277 1375 1359 1424 esse

166 1476 372 1552 illustranda
391 1487 429 1554 et
442 1479 492 1552 ita
506 1478 542 1550 in
553 1477 663 1576 ipsius
675 1474 978 1575 interpretationis
989 1503 1089 1554 usum
1106 1477 1356 1552 convertenda.

164 1601 292 1702 Neque
312 1594 445 1678 trustra
476 1579 679 1705 praecepta,
710 1628 800 1702 quae
833 1603 878 1676 ad
910 1602 1052 1701 linguas
1081 1603 1230 1680 biblinas
1251 1628 1357 1704 spec·

165 1737 252 1820 tant,
267 1729 392 1829 majori
409 1731 649 1829 exemplorum
664 1727 769 1830 copia
785 1729 963 1802 illustrata
977 1728 1091 1817 volui3
1112 1728 1249 1806 illarum
1263 1731 1355 1806 enim

164 1853 363 1954 linguarum
383 1856 554 1932 studiosis
583 1856 780 1942 materiam,
811 1880 879 1953 qua
906 1855 1087 1954 ingenium
1116 1867 1355 1945 exerceretur,

167 1981 496 2058 subministrandam
512 1995 568 2058 sat
582 1983 717 2081 largam
735 1980 868 2054 censui.
890 1980 986 2055 Sane
1000 1983 1130 2058 nostris
1139 1983 1358 2082 temporibus

163 2106 368 2208 plerumque
404 2107 625 2198 adversarii,
663 2107 722 2206 qni
756 2107 888 2182 nullam
917 2109 1137 2184 auctoritatis
1169 2109 1354 2184 Ecclesiae

162 2233 356 2310 catholicae
383 2237 559 2314 rationem
587 2237 738 2324 habent,
769 2235 953 2310 doctrinas
983 2247 1128 2312 nostras
1161 2237 1351 2324 lacessunt,

160 2359 254 2434 baud
273 2362 445 2438 mediocri
464 2387 711 2460 nonnunquam
740 2360 940 2462 linguarum
970 2375 1005 2440 et
1037 2361 1278 2460 antiquitatum
1297 2363 1352 2435 bi-

162 2485 335 2562 blicarum
365 2489 567 2585 cognitione
594 2487 778 2578 instructi,
828 2487 1035 2587 quibuscum
1070 2489 1213 2588 paribus
1242 2491 1351 2564 armis

160 2614 334 2711 agendum
360 2626 427 2690 est.
465 2615 576 2704 Quam
607 2616 652 2690 ob
679 2641 756 2692 rem
775 2615 913 2692 nonnisi
941 2615 1239 2713 exoptatissimum
1271 2642 1353 2692 esse

158 2748 288 2836 potest,
318 2750 358 2814 ut
377 2740 641 2816 Catholicorum
660 2742 832 2844 theologi,
862 2739 987 2840 quibus
1006 2740 1138 2838 ingenii
1163 2742 1256 2815 vires
1281 2770 1352 2816 non

157 2865 297 2956 desunt,
328 2867 538 2954 adminicula
564 2869 722 2944 eruditae
753 2896 784 2944 s.
809 2869 1013 2966 Scripturae
1047 2866 1350 2966 interpretationis

157 2991 225 3066 sibi
245 2993 440 3091 acquirant,
471 3020 581 3092 eaque
602 2997 672 3071 rite
698 2996 875 3094 applicare
904 2998 1119 3082 doceantur,
1149 3006 1188 3076 ut
1211 2998 1349 3094 quando

154 3118 421 3211 decertandum,
452 3120 592 3196 sortiter
612 3122 780 3198 resistere
800 3132 836 3198 et
855 3122 997 3196 vincere
1015 3121 1166 3196 valeant.

267 3245 374 3320 Plura
407 3247 567 3345 exempla
594 3249 705 3322 semel
732 3249 907 3346 producta
932 3272 996 3346 per
1022 3248 1208 3324 decursum
1229 3246 1349 3347 operis
1387 3230 1390 3239 ¹

155 3368 243 3458 ‚data
262 3372 450 3448 occasione
471 3399 514 3448 ec
535 3373 684 3450 consilio
703 3374 900 3474 repetenda
919 3371 1135 3460 existimavi,
1165 3383 1204 3447 ut
1224 3384 1347 3448 osten·

158 3495 290 3587 dercm,
315 3525 384 3597 qua
402 3501 540 3576 ratione
561 3502 808 3598 interpretatio
830 3501 980 3578 diversis
999 3500 1189 3600 praesidiis
1208 3501 1350 3576 herme-

159 3623 309 3698 neuticis
333 3627 560 3726 comprobari
581 3638 617 3702 et
636 3627 983 3726 confirmari-possit.

263 3749 358 3823 Fieri
382 3763 525 3851 potest,
555 3764 593 3828 ut
619 3755 774 3828 nonnulli
804 3754 1046 3844 offendantur,
1078 3753 1174 3852 quod
1199 3753 1234 3829 in
1269 3781 1349 3828 mea

157 3873 420 3950 elucubratione
439 3887 511 3951 tarn
540 3878 745 3977 frequenter
765 3906 874 3978 opera
892 3879 1184 3955 Acatholicorum
1212 3880 1344 3955 inl'crre

96 4079 97 4084 ,
153 4024 319 4076 necnon
351 4004 494 4078 laudare
522 4028 593 4081 non
622 4002 832 4096 dubitarim
862 4034 951 4106 quos
980 4008 1172 4082 observare
1191 4017 1345 4105 oportet,

154 4127 384 4206 Acatholicos
414 4145 580 4230 quantum
602 4136 646 4209 ad
664 4135 863 4233 linguarum
883 4135 1036 4210 studium
1063 4145 1099 4208 ct
1119 4134 1345 4233 cognitiones

152 4251 341 4331 historicas
359 4258 453 4332 haud
473 4284 554 4333 raro
576 4259 703 4334 eximia
721 4261 954 4360 praestitisse,
969 4260 1040 4336 imo
1062 4261 1182 4348 etiam,
1205 4259 1235 4334 si
1251 4261 1343 4334 Her-

149 4382 384 4456 mcneuticam
421 4384 657 4461 universalem
686 4397 842 4488 spectas
870 4387 1044 4488 principia
1070 4390 1237 4462 sethona
1260 4411 1345 4486 pro-

150 4504 268 4583 fessos
296 4535 387 4586 cssc.
419 4509 510 4600 Quid
537 4512 694 4611 impedit,
726 4514 932 4612 quominus,
962 4541 1052 4612 quae
1078 4515 1171 4589 bona
1198 4512 1340 4599 habent,
