<?xml version="1.0" encoding="UTF-8"?>
<!DOCTYPE html PUBLIC "-//W3C//DTD XHTML 1.0 Transitional//EN"
    "http://www.w3.org/TR/xhtml1/DTD/xhtml1-transitional.dtd">
<html xmlns="http://www.w3.org/1999/xhtml" xml:lang="en" lang="en">
 <head>
  <title>
</title>
<meta http-equiv="Content-Type" content="text/html;charset=utf-8" />
  <meta name='ocr-system' content='tesseract 3.04.00' />
  <meta name='ocr-capabilities' content='ocr_page ocr_carea ocr_par ocr_line ocrx_word'/>
</head>
<body>
  <div class='ocr_page' id='page_1' title='image "./hermeneuticabib00kohlgoog_0217.png"; bbox 0 0 3092 5286; ppageno 0'>
   <div class='ocr_carea' id='block_1_1' title="bbox 517 581 1148 654">
    <p class='ocr_par' dir='ltr' id='par_1_1' title="bbox 517 581 1148 654">
     <span class='ocr_line' id='line_1_1' title="bbox 517 581 1148 654; baseline 0.006 -16"><span class='ocrx_word' id='word_1_1' title='bbox 517 583 552 639; x_wconf 88' lang='lat'>11.</span> <span class='ocrx_word' id='word_1_2' title='bbox 579 581 785 641; x_wconf 76' lang='lat' dir='ltr'>olerosmio</span> <span class='ocrx_word' id='word_1_3' title='bbox 804 581 1148 654; x_wconf 70' lang='lat' dir='ltr'>ammonitrum.</span> 
     </span>
    </p>
   </div>
   <div class='ocr_carea' id='block_1_2' title="bbox 591 745 1074 922">
    <p class='ocr_par' dir='ltr' id='par_1_2' title="bbox 591 745 1074 922">
     <span class='ocr_line' id='line_1_2' title="bbox 779 745 886 818; baseline -0.009 -13"><span class='ocrx_word' id='word_1_4' title='bbox 779 750 806 818; x_wconf 81' lang='lat' dir='ltr'>s.</span> <span class='ocrx_word' id='word_1_5' title='bbox 828 745 886 805; x_wconf 78' lang='lat' dir='ltr'>itt.</span> 
     </span>
     <span class='ocr_line' id='line_1_3' title="bbox 591 861 1074 922; baseline 0.004 -12"><span class='ocrx_word' id='word_1_6' title='bbox 591 863 622 910; x_wconf 81' lang='lat' dir='ltr'>e.</span> <span class='ocrx_word' id='word_1_7' title='bbox 646 861 845 922; x_wconf 77' lang='lat' dir='ltr'>eoouurrrrs</span> <span class='ocrx_word' id='word_1_8' title='bbox 866 862 1074 913; x_wconf 74' lang='lat' dir='ltr'>omniorum</span> 
     </span>
    </p>
   </div>
   <div class='ocr_carea' id='block_1_3' title="bbox 331 1004 1517 1090">
    <p class='ocr_par' dir='ltr' id='par_1_3' title="bbox 331 1004 1517 1090">
     <span class='ocr_line' id='line_1_4' title="bbox 331 1004 1517 1090; baseline -0.002 -17"><span class='ocrx_word' id='word_1_9' title='bbox 331 1009 422 1090; x_wconf 76' lang='lat' dir='ltr'>Quod</span> <span class='ocrx_word' id='word_1_10' title='bbox 438 1006 531 1070; x_wconf 91' lang='lat' dir='ltr'>animi</span> <span class='ocrx_word' id='word_1_11' title='bbox 552 1004 789 1089; x_wconf 79' lang='lat' dir='ltr'>dispositionem</span> <span class='ocrx_word' id='word_1_12' title='bbox 810 1005 940 1085; x_wconf 77' lang='lat' dir='ltr'>attinet,</span> <span class='ocrx_word' id='word_1_13' title='bbox 963 1005 1097 1090; x_wconf 92' lang='lat' dir='ltr'>primum</span> <span class='ocrx_word' id='word_1_14' title='bbox 1112 1006 1271 1090; x_wconf 85' lang='lat' dir='ltr'>loquentis</span> <span class='ocrx_word' id='word_1_15' title='bbox 1294 1008 1428 1073; x_wconf 86' lang='lat' dir='ltr'>charae·</span> <span class='ocrx_word' id='word_1_16' title='bbox 1516 1023 1517 1038; x_wconf 64' lang='lat'>¹</span> 
     </span>
    </p>
   </div>
   <div class='ocr_carea' id='block_1_4' title="bbox 247 1113 1429 1198">
    <p class='ocr_par' dir='ltr' id='par_1_4' title="bbox 247 1113 1429 1198">
     <span class='ocr_line' id='line_1_5' title="bbox 247 1113 1429 1198; baseline 0 -16"><span class='ocrx_word' id='word_1_17' title='bbox 247 1121 300 1183; x_wconf 90' lang='lat' dir='ltr'>ter</span> <span class='ocrx_word' id='word_1_18' title='bbox 328 1115 573 1182; x_wconf 87' lang='lat' dir='ltr'>considerandus</span> <span class='ocrx_word' id='word_1_19' title='bbox 603 1115 665 1178; x_wconf 91' lang='lat' dir='ltr'>est.</span> <span class='ocrx_word' id='word_1_20' title='bbox 693 1114 955 1192; x_wconf 70' lang='lat' dir='ltr'><strong>Quemadmodum</strong></span> <span class='ocrx_word' id='word_1_21' title='bbox 978 1113 1111 1178; x_wconf 87' lang='lat' dir='ltr'>enimin</span> <span class='ocrx_word' id='word_1_22' title='bbox 1135 1114 1271 1198; x_wconf 84' lang='lat' dir='ltr'>cujusvis</span> <span class='ocrx_word' id='word_1_23' title='bbox 1292 1117 1429 1182; x_wconf 89' lang='lat' dir='ltr'>huminis</span> 
     </span>
    </p>
   </div>
   <div class='ocr_carea' id='block_1_5' title="bbox 244 1217 1518 1306">
    <p class='ocr_par' dir='ltr' id='par_1_5' title="bbox 244 1217 1518 1306">
     <span class='ocr_line' id='line_1_6' title="bbox 244 1217 1518 1306; baseline 0 -16"><span class='ocrx_word' id='word_1_24' title='bbox 244 1247 301 1290; x_wconf 88' lang='lat' dir='ltr'>ore</span> <span class='ocrx_word' id='word_1_25' title='bbox 317 1229 404 1289; x_wconf 86' lang='lat' dir='ltr'>certa</span> <span class='ocrx_word' id='word_1_26' title='bbox 420 1225 606 1288; x_wconf 88' lang='lat' dir='ltr'>lineamenta</span> <span class='ocrx_word' id='word_1_27' title='bbox 622 1218 740 1286; x_wconf 83' lang='lat' dir='ltr'>effinxit</span> <span class='ocrx_word' id='word_1_28' title='bbox 756 1227 883 1306; x_wconf 87' lang='lat' dir='ltr'>natura,</span> <span class='ocrx_word' id='word_1_29' title='bbox 904 1221 949 1287; x_wconf 90' lang='lat' dir='ltr'>ita</span> <span class='ocrx_word' id='word_1_30' title='bbox 964 1222 1058 1286; x_wconf 85' lang='lat' dir='ltr'>otiam</span> <span class='ocrx_word' id='word_1_31' title='bbox 1074 1221 1210 1306; x_wconf 82' lang='lat' dir='ltr'>cujusvis</span> <span class='ocrx_word' id='word_1_32' title='bbox 1226 1224 1347 1290; x_wconf 87' lang='lat' dir='ltr'>animus</span> <span class='ocrx_word' id='word_1_33' title='bbox 1361 1232 1428 1290; x_wconf 90' lang='lat' dir='ltr'>tum</span> <span class='ocrx_word' id='word_1_34' title='bbox 1517 1217 1518 1222; x_wconf 32' lang='lat'>¹</span> 
     </span>
    </p>
   </div>
   <div class='ocr_carea' id='block_1_6' title="bbox 160 1327 1429 2719">
    <p class='ocr_par' dir='ltr' id='par_1_6' title="bbox 241 1327 1429 2068">
     <span class='ocr_line' id='line_1_7' title="bbox 244 1327 1429 1417; baseline 0.003 -22"><span class='ocrx_word' id='word_1_35' title='bbox 244 1331 350 1397; x_wconf 88' lang='lat' dir='ltr'>indole</span> <span class='ocrx_word' id='word_1_36' title='bbox 366 1337 431 1395; x_wconf 92' lang='lat' dir='ltr'>tum</span> <span class='ocrx_word' id='word_1_37' title='bbox 447 1329 644 1394; x_wconf 90' lang='lat' dir='ltr'>institutione</span> <span class='ocrx_word' id='word_1_38' title='bbox 659 1327 704 1392; x_wconf 84' lang='lat' dir='ltr'>ita</span> <span class='ocrx_word' id='word_1_39' title='bbox 720 1333 918 1414; x_wconf 84' lang='lat' dir='ltr'>comparatus</span> <span class='ocrx_word' id='word_1_40' title='bbox 933 1349 971 1394; x_wconf 90' lang='lat' dir='ltr'>ac</span> <span class='ocrx_word' id='word_1_41' title='bbox 987 1331 1159 1415; x_wconf 87' lang='lat' dir='ltr'>dispositus</span> <span class='ocrx_word' id='word_1_42' title='bbox 1181 1353 1252 1398; x_wconf 84' lang='lat' dir='ltr'>esse</span> <span class='ocrx_word' id='word_1_43' title='bbox 1268 1334 1368 1417; x_wconf 87' lang='lat' dir='ltr'>solet,</span> <span class='ocrx_word' id='word_1_44' title='bbox 1393 1341 1429 1399; x_wconf 89' lang='lat' dir='ltr'>ut</span> 
     </span>
     <span class='ocr_line' id='line_1_8' title="bbox 246 1437 1427 1525; baseline 0.002 -21"><span class='ocrx_word' id='word_1_45' title='bbox 246 1441 405 1525; x_wconf 81' lang='lat' dir='ltr'>propriam</span> <span class='ocrx_word' id='word_1_46' title='bbox 429 1437 586 1523; x_wconf 90' lang='lat' dir='ltr'>cogitandi</span> <span class='ocrx_word' id='word_1_47' title='bbox 609 1456 646 1500; x_wconf 89' lang='lat' dir='ltr'>ac</span> <span class='ocrx_word' id='word_1_48' title='bbox 668 1437 822 1503; x_wconf 88' lang='lat' dir='ltr'>sentiendi</span> <span class='ocrx_word' id='word_1_49' title='bbox 841 1439 995 1504; x_wconf 88' lang='lat' dir='ltr'>rationem</span> <span class='ocrx_word' id='word_1_50' title='bbox 1016 1439 1221 1522; x_wconf 75' lang='lat' dir='ltr'>praeseferat.</span> <span class='ocrx_word' id='word_1_51' title='bbox 1252 1443 1359 1521; x_wconf 79' lang='lat' dir='ltr'>Quare</span> <span class='ocrx_word' id='word_1_52' title='bbox 1378 1442 1427 1506; x_wconf 93' lang='lat' dir='ltr'>in·</span> 
     </span>
     <span class='ocr_line' id='line_1_9' title="bbox 244 1545 1426 1636; baseline 0.003 -25"><span class='ocrx_word' id='word_1_53' title='bbox 244 1551 416 1632; x_wconf 89' lang='lat' dir='ltr'>terpretem</span> <span class='ocrx_word' id='word_1_54' title='bbox 433 1565 459 1610; x_wconf 90' lang='lat' dir='ltr'>s.</span> <span class='ocrx_word' id='word_1_55' title='bbox 476 1545 660 1630; x_wconf 87' lang='lat' dir='ltr'>Scripturae</span> <span class='ocrx_word' id='word_1_56' title='bbox 676 1545 758 1609; x_wconf 88' lang='lat' dir='ltr'>scire</span> <span class='ocrx_word' id='word_1_57' title='bbox 775 1551 918 1632; x_wconf 90' lang='lat' dir='ltr'>oportet,</span> <span class='ocrx_word' id='word_1_58' title='bbox 935 1569 997 1632; x_wconf 92' lang='lat' dir='ltr'>quo</span> <span class='ocrx_word' id='word_1_59' title='bbox 1012 1547 1138 1635; x_wconf 88' lang='lat' dir='ltr'>ingenio</span> <span class='ocrx_word' id='word_1_60' title='bbox 1153 1549 1333 1632; x_wconf 88' lang='lat' dir='ltr'>praeditas,</span> <span class='ocrx_word' id='word_1_61' title='bbox 1356 1551 1426 1636; x_wconf 94' lang='lat' dir='ltr'>qui·</span> 
     </span>
     <span class='ocr_line' id='line_1_10' title="bbox 242 1653 1426 1742; baseline 0.002 -22"><span class='ocrx_word' id='word_1_62' title='bbox 242 1657 364 1741; x_wconf 92' lang='lat' dir='ltr'>busque</span> <span class='ocrx_word' id='word_1_63' title='bbox 380 1655 541 1739; x_wconf 87' lang='lat' dir='ltr'>principiis</span> <span class='ocrx_word' id='word_1_64' title='bbox 557 1653 694 1718; x_wconf 92' lang='lat' dir='ltr'>imbutus</span> <span class='ocrx_word' id='word_1_65' title='bbox 709 1654 768 1735; x_wconf 85' lang='lat' dir='ltr'>ait,</span> <span class='ocrx_word' id='word_1_66' title='bbox 785 1654 839 1740; x_wconf 92' lang='lat' dir='ltr'>qui</span> <span class='ocrx_word' id='word_1_67' title='bbox 853 1655 886 1718; x_wconf 95' lang='lat' dir='ltr'>in</span> <span class='ocrx_word' id='word_1_68' title='bbox 898 1655 1174 1742; x_wconf 87' lang='lat' dir='ltr'>Bibliisloqnitur,</span> <span class='ocrx_word' id='word_1_69' title='bbox 1191 1679 1346 1742; x_wconf 87' lang='lat' dir='ltr'>quamque</span> <span class='ocrx_word' id='word_1_70' title='bbox 1362 1663 1426 1722; x_wconf 90' lang='lat' dir='ltr'>tum</span> 
     </span>
     <span class='ocr_line' id='line_1_11' title="bbox 244 1763 1425 1850; baseline 0.002 -21"><span class='ocrx_word' id='word_1_71' title='bbox 244 1765 400 1830; x_wconf 86' lang='lat' dir='ltr'>sentiendi</span> <span class='ocrx_word' id='word_1_72' title='bbox 415 1771 480 1829; x_wconf 92' lang='lat' dir='ltr'>tum</span> <span class='ocrx_word' id='word_1_73' title='bbox 496 1763 609 1849; x_wconf 84' lang='lat' dir='ltr'>agendi</span> <span class='ocrx_word' id='word_1_74' title='bbox 624 1763 777 1827; x_wconf 89' lang='lat' dir='ltr'>rationem</span> <span class='ocrx_word' id='word_1_75' title='bbox 793 1768 958 1848; x_wconf 88' lang='lat' dir='ltr'>sequatur,</span> <span class='ocrx_word' id='word_1_76' title='bbox 975 1785 1045 1828; x_wconf 90' lang='lat' dir='ltr'>eum</span> <span class='ocrx_word' id='word_1_77' title='bbox 1060 1763 1155 1844; x_wconf 90' lang='lat' dir='ltr'>haec,</span> <span class='ocrx_word' id='word_1_78' title='bbox 1171 1766 1199 1829; x_wconf 91' lang='lat' dir='ltr'>si</span> <span class='ocrx_word' id='word_1_79' title='bbox 1214 1766 1344 1850; x_wconf 86' lang='lat' dir='ltr'>cognita</span> <span class='ocrx_word' id='word_1_80' title='bbox 1357 1767 1425 1831; x_wconf 87' lang='lat' dir='ltr'>iuc-</span> 
     </span>
     <span class='ocr_line' id='line_1_12' title="bbox 243 1871 1421 1959; baseline 0 -21"><span class='ocrx_word' id='word_1_81' title='bbox 243 1873 323 1954; x_wconf 90' lang='lat' dir='ltr'>rint,</span> <span class='ocrx_word' id='word_1_82' title='bbox 350 1873 554 1956; x_wconf 72' lang='lat' dir='ltr'>interpretem</span> <span class='ocrx_word' id='word_1_83' title='bbox 576 1871 607 1936; x_wconf 94' lang='lat' dir='ltr'>in</span> <span class='ocrx_word' id='word_1_84' title='bbox 631 1872 789 1955; x_wconf 89' lang='lat' dir='ltr'>loquentis</span> <span class='ocrx_word' id='word_1_85' title='bbox 815 1877 949 1938; x_wconf 88' lang='lat' dir='ltr'>mentem</span> <span class='ocrx_word' id='word_1_86' title='bbox 969 1879 1136 1959; x_wconf 88' lang='lat' dir='ltr'>penetrare</span> <span class='ocrx_word' id='word_1_87' title='bbox 1161 1874 1362 1958; x_wconf 89' lang='lat' dir='ltr'>permittant,</span> <span class='ocrx_word' id='word_1_88' title='bbox 1391 1879 1421 1940; x_wconf 91' lang='lat' dir='ltr'>et</span> 
     </span>
     <span class='ocr_line' id='line_1_13' title="bbox 241 1979 1376 2068; baseline 0.003 -24"><span class='ocrx_word' id='word_1_89' title='bbox 241 1979 323 2046; x_wconf 87' lang='lat' dir='ltr'>haud</span> <span class='ocrx_word' id='word_1_90' title='bbox 338 2003 446 2067; x_wconf 89' lang='lat' dir='ltr'>parum</span> <span class='ocrx_word' id='word_1_91' title='bbox 461 1979 586 2044; x_wconf 90' lang='lat' dir='ltr'>luminis</span> <span class='ocrx_word' id='word_1_92' title='bbox 603 1982 640 2044; x_wconf 91' lang='lat' dir='ltr'>ad</span> <span class='ocrx_word' id='word_1_93' title='bbox 657 1979 741 2044; x_wconf 89' lang='lat' dir='ltr'>dicta</span> <span class='ocrx_word' id='word_1_94' title='bbox 755 1980 854 2065; x_wconf 85' lang='lat' dir='ltr'>ipsius</span> <span class='ocrx_word' id='word_1_95' title='bbox 871 1980 931 2044; x_wconf 91' lang='lat' dir='ltr'>rite</span> <span class='ocrx_word' id='word_1_96' title='bbox 947 1981 1148 2068; x_wconf 88' lang='lat' dir='ltr'>intelligenda</span> <span class='ocrx_word' id='word_1_97' title='bbox 1163 1982 1376 2066; x_wconf 82' lang='lat' dir='ltr'>suppeditent.</span> 
     </span>
    </p>

    <p class='ocr_par' dir='ltr' id='par_1_7' title="bbox 160 2088 1424 2719">
     <span class='ocr_line' id='line_1_14' title="bbox 330 2088 1423 2176; baseline 0 -22"><span class='ocrx_word' id='word_1_98' title='bbox 330 2090 441 2174; x_wconf 85' lang='lat' dir='ltr'>Neque</span> <span class='ocrx_word' id='word_1_99' title='bbox 461 2093 581 2152; x_wconf 90' lang='lat' dir='ltr'>tantum</span> <span class='ocrx_word' id='word_1_100' title='bbox 601 2088 774 2174; x_wconf 77' lang='lat' dir='ltr'>generatim</span> <span class='ocrx_word' id='word_1_101' title='bbox 796 2089 835 2152; x_wconf 91' lang='lat' dir='ltr'>ad</span> <span class='ocrx_word' id='word_1_102' title='bbox 857 2089 1030 2154; x_wconf 90' lang='lat' dir='ltr'>orationem</span> <span class='ocrx_word' id='word_1_103' title='bbox 1052 2090 1197 2154; x_wconf 81' lang='lat' dir='ltr'>biblicam</span> <span class='ocrx_word' id='word_1_104' title='bbox 1211 2089 1423 2176; x_wconf 90' lang='lat' dir='ltr'>interpretau-</span> 
     </span>
     <span class='ocr_line' id='line_1_15' title="bbox 243 2193 1424 2284; baseline 0 -22"><span class='ocrx_word' id='word_1_105' title='bbox 243 2197 314 2262; x_wconf 92' lang='lat' dir='ltr'>dam</span> <span class='ocrx_word' id='word_1_106' title='bbox 336 2195 545 2262; x_wconf 82' lang='lat' dir='ltr'>consideratio</span> <span class='ocrx_word' id='word_1_107' title='bbox 568 2193 758 2260; x_wconf 80' lang='lat' dir='ltr'>characteris</span> <span class='ocrx_word' id='word_1_108' title='bbox 779 2196 972 2280; x_wconf 89' lang='lat' dir='ltr'>loquentium</span> <span class='ocrx_word' id='word_1_109' title='bbox 994 2199 1140 2280; x_wconf 87' lang='lat' dir='ltr'>inservit,</span> <span class='ocrx_word' id='word_1_110' title='bbox 1162 2201 1218 2264; x_wconf 91' lang='lat' dir='ltr'>sed</span> <span class='ocrx_word' id='word_1_111' title='bbox 1240 2199 1337 2264; x_wconf 86' lang='lat' dir='ltr'>etiam</span> <span class='ocrx_word' id='word_1_112' title='bbox 1354 2219 1424 2284; x_wconf 88' lang='lat' dir='ltr'>ope-</span> 
     </span>
     <span class='ocr_line' id='line_1_16' title="bbox 243 2295 1424 2394; baseline -0.001 -24"><span class='ocrx_word' id='word_1_113' title='bbox 243 2306 347 2370; x_wconf 89' lang='lat' dir='ltr'>ciatim</span> <span class='ocrx_word' id='word_1_114' title='bbox 367 2306 543 2370; x_wconf 87' lang='lat' dir='ltr'>locutiones</span> <span class='ocrx_word' id='word_1_115' title='bbox 569 2303 728 2391; x_wconf 87' lang='lat' dir='ltr'>ambiguas</span> <span class='ocrx_word' id='word_1_116' title='bbox 754 2305 926 2390; x_wconf 89' lang='lat' dir='ltr'>dijudicare</span> <span class='ocrx_word' id='word_1_117' title='bbox 948 2310 981 2372; x_wconf 85' lang='lat' dir='ltr'>et</span> <span class='ocrx_word' id='word_1_118' title='bbox 1002 2305 1132 2372; x_wconf 80' lang='lat' dir='ltr'>delinire</span> <span class='ocrx_word' id='word_1_119' title='bbox 1148 2306 1239 2391; x_wconf 84' lang='lat' dir='ltr'>jurat</span> <span class='ocrx_word' id='word_1_120' title='bbox 1261 2295 1304 2394; x_wconf 91' lang='lat'>¹).</span> <span class='ocrx_word' id='word_1_121' title='bbox 1334 2307 1424 2372; x_wconf 82' lang='lat' dir='ltr'>Aliud</span> 
     </span>
     <span class='ocr_line' id='line_1_17' title="bbox 244 2411 1423 2500; baseline 0.001 -21"><span class='ocrx_word' id='word_1_122' title='bbox 244 2415 440 2479; x_wconf 90' lang='lat' dir='ltr'>commodum</span> <span class='ocrx_word' id='word_1_123' title='bbox 454 2411 546 2496; x_wconf 86' lang='lat' dir='ltr'>hujus</span> <span class='ocrx_word' id='word_1_124' title='bbox 561 2412 693 2478; x_wconf 82' lang='lat' dir='ltr'>subsidii</span> <span class='ocrx_word' id='word_1_125' title='bbox 708 2413 740 2477; x_wconf 93' lang='lat' dir='ltr'>in</span> <span class='ocrx_word' id='word_1_126' title='bbox 762 2435 800 2478; x_wconf 98' lang='lat' dir='ltr'>eo</span> <span class='ocrx_word' id='word_1_127' title='bbox 821 2415 960 2499; x_wconf 87' lang='lat' dir='ltr'>positum</span> <span class='ocrx_word' id='word_1_128' title='bbox 976 2419 1041 2496; x_wconf 87' lang='lat' dir='ltr'>est,</span> <span class='ocrx_word' id='word_1_129' title='bbox 1063 2417 1148 2500; x_wconf 91' lang='lat' dir='ltr'>quod</span> <span class='ocrx_word' id='word_1_130' title='bbox 1171 2435 1190 2480; x_wconf 89' lang='lat' dir='ltr'>a</span> <span class='ocrx_word' id='word_1_131' title='bbox 1210 2415 1323 2496; x_wconf 92' lang='lat' dir='ltr'>dictis,</span> <span class='ocrx_word' id='word_1_132' title='bbox 1349 2435 1423 2500; x_wconf 87' lang='lat' dir='ltr'>quae</span> 
     </span>
     <span class='ocr_line' id='line_1_18' title="bbox 160 2521 1422 2610; baseline 0.003 -25"><span class='ocrx_word' id='word_1_133' title='bbox 160 2544 163 2551; x_wconf 71' lang='grc'><strong>’</strong></span> <span class='ocrx_word' id='word_1_134' title='bbox 247 2522 495 2610; x_wconf 86' lang='lat' dir='ltr'>vehementiora,</span> <span class='ocrx_word' id='word_1_135' title='bbox 514 2521 643 2586; x_wconf 89' lang='lat' dir='ltr'>duriora</span> <span class='ocrx_word' id='word_1_136' title='bbox 656 2521 706 2586; x_wconf 85' lang='lat' dir='ltr'>vel</span> <span class='ocrx_word' id='word_1_137' title='bbox 722 2523 890 2588; x_wconf 88' lang='lat' dir='ltr'>audaciora</span> <span class='ocrx_word' id='word_1_138' title='bbox 904 2523 1065 2604; x_wconf 87' lang='lat' dir='ltr'>videntur,</span> <span class='ocrx_word' id='word_1_139' title='bbox 1081 2528 1187 2588; x_wconf 91' lang='lat' dir='ltr'>uotam</span> <span class='ocrx_word' id='word_1_140' title='bbox 1202 2525 1422 2608; x_wconf 88' lang='lat' dir='ltr'>impatientiae,</span> 
     </span>
     <span class='ocr_line' id='line_1_19' title="bbox 243 2631 937 2719; baseline -0.001 -23"><span class='ocrx_word' id='word_1_141' title='bbox 243 2631 424 2696; x_wconf 86' lang='lat' dir='ltr'>acerbitatis</span> <span class='ocrx_word' id='word_1_142' title='bbox 440 2637 472 2696; x_wconf 89' lang='lat' dir='ltr'>et</span> <span class='ocrx_word' id='word_1_143' title='bbox 488 2631 702 2695; x_wconf 86' lang='lat' dir='ltr'>immodestiae</span> <span class='ocrx_word' id='word_1_144' title='bbox 718 2635 878 2696; x_wconf 85' lang='lat' dir='ltr'>removeat</span> <span class='ocrx_word' id='word_1_145' title='bbox 893 2631 937 2719; x_wconf 84' lang='lat'>¹).</span> 
     </span>
    </p>
   </div>
   <div class='ocr_carea' id='block_1_7' title="bbox 244 2739 1523 2936">
    <p class='ocr_par' dir='ltr' id='par_1_8' title="bbox 244 2739 1523 2936">
     <span class='ocr_line' id='line_1_20' title="bbox 332 2739 1523 2838; baseline -0.003 -33"><span class='ocrx_word' id='word_1_146' title='bbox 332 2743 420 2821; x_wconf 79' lang='lat' dir='ltr'>Quae</span> <span class='ocrx_word' id='word_1_147' title='bbox 436 2761 506 2804; x_wconf 90' lang='lat' dir='ltr'>cum</span> <span class='ocrx_word' id='word_1_148' title='bbox 522 2739 568 2804; x_wconf 89' lang='lat' dir='ltr'>ita</span> <span class='ocrx_word' id='word_1_149' title='bbox 582 2740 662 2820; x_wconf 88' lang='lat' dir='ltr'>sint,</span> <span class='ocrx_word' id='word_1_150' title='bbox 677 2739 801 2803; x_wconf 90' lang='lat' dir='ltr'>maximi</span> <span class='ocrx_word' id='word_1_151' title='bbox 816 2739 965 2804; x_wconf 90' lang='lat' dir='ltr'>momenti</span> <span class='ocrx_word' id='word_1_152' title='bbox 981 2745 1048 2824; x_wconf 87' lang='lat' dir='ltr'>est,</span> <span class='ocrx_word' id='word_1_153' title='bbox 1070 2743 1106 2805; x_wconf 88' lang='lat' dir='ltr'>ot</span> <span class='ocrx_word' id='word_1_154' title='bbox 1120 2741 1279 2824; x_wconf 90' lang='lat' dir='ltr'>interpres</span> <span class='ocrx_word' id='word_1_155' title='bbox 1296 2739 1421 2804; x_wconf 87' lang='lat' dir='ltr'>charac-</span> <span class='ocrx_word' id='word_1_156' title='bbox 1522 2821 1523 2838; x_wconf 13' lang='grc' dir='ltr'><strong>ἶ</strong></span> 
     </span>
     <span class='ocr_line' id='line_1_21' title="bbox 244 2839 1523 2936; baseline -0.005 -22"><span class='ocrx_word' id='word_1_157' title='bbox 244 2853 332 2914; x_wconf 89' lang='lat' dir='ltr'>teres</span> <span class='ocrx_word' id='word_1_158' title='bbox 349 2870 473 2930; x_wconf 91' lang='lat' dir='ltr'>eorum,</span> <span class='ocrx_word' id='word_1_159' title='bbox 490 2850 544 2936; x_wconf 93' lang='lat' dir='ltr'>qui</span> <span class='ocrx_word' id='word_1_160' title='bbox 559 2855 613 2916; x_wconf 88' lang='lat' dir='ltr'>ani</span> <span class='ocrx_word' id='word_1_161' title='bbox 628 2847 690 2935; x_wconf 91' lang='lat' dir='ltr'>ipsi</span> <span class='ocrx_word' id='word_1_162' title='bbox 705 2867 814 2912; x_wconf 90' lang='lat' dir='ltr'>saeros</span> <span class='ocrx_word' id='word_1_163' title='bbox 829 2847 929 2912; x_wconf 88' lang='lat' dir='ltr'>libros</span> <span class='ocrx_word' id='word_1_164' title='bbox 945 2850 1161 2933; x_wconf 87' lang='lat' dir='ltr'>scripserunt,</span> <span class='ocrx_word' id='word_1_165' title='bbox 1188 2853 1242 2912; x_wconf 90' lang='lat' dir='ltr'>aut</span> <span class='ocrx_word' id='word_1_166' title='bbox 1262 2848 1423 2932; x_wconf 86' lang='lat' dir='ltr'>loquentes</span> <span class='ocrx_word' id='word_1_167' title='bbox 1522 2839 1523 2844; x_wconf 64' lang='grc'>’</span> 
     </span>
    </p>
   </div>
   <div class='ocr_carea' id='block_1_8' title="bbox 239 2956 1423 3798">
    <p class='ocr_par' dir='ltr' id='par_1_9' title="bbox 239 2956 1423 3798">
     <span class='ocr_line' id='line_1_22' title="bbox 244 2956 1423 3046; baseline -0.001 -24"><span class='ocrx_word' id='word_1_168' title='bbox 244 2965 277 3026; x_wconf 92' lang='lat' dir='ltr'>et</span> <span class='ocrx_word' id='word_1_169' title='bbox 292 2963 421 3046; x_wconf 81' lang='lat' dir='ltr'>agentes</span> <span class='ocrx_word' id='word_1_170' title='bbox 435 2959 469 3022; x_wconf 92' lang='lat' dir='ltr'>in</span> <span class='ocrx_word' id='word_1_171' title='bbox 484 2958 534 3022; x_wconf 93' lang='lat' dir='ltr'>his</span> <span class='ocrx_word' id='word_1_172' title='bbox 555 2958 644 3023; x_wconf 91' lang='lat' dir='ltr'>libris</span> <span class='ocrx_word' id='word_1_173' title='bbox 666 2957 870 3038; x_wconf 91' lang='lat' dir='ltr'>inducuntur,</span> <span class='ocrx_word' id='word_1_174' title='bbox 891 2977 986 3022; x_wconf 87' lang='lat' dir='ltr'>nosse</span> <span class='ocrx_word' id='word_1_175' title='bbox 1007 2959 1140 3026; x_wconf 88' lang='lat' dir='ltr'>studeat.</span> <span class='ocrx_word' id='word_1_176' title='bbox 1162 2960 1262 3039; x_wconf 76' lang='lat' dir='ltr'>Quem</span> <span class='ocrx_word' id='word_1_177' title='bbox 1282 2959 1315 3022; x_wconf 91' lang='lat' dir='ltr'>in</span> <span class='ocrx_word' id='word_1_178' title='bbox 1336 2956 1423 3022; x_wconf 86' lang='lat' dir='ltr'>tinem</span> 
     </span>
     <span class='ocr_line' id='line_1_23' title="bbox 245 3066 1422 3151; baseline -0.001 -21"><span class='ocrx_word' id='word_1_179' title='bbox 245 3067 420 3132; x_wconf 87' lang='lat' dir='ltr'>consultum</span> <span class='ocrx_word' id='word_1_180' title='bbox 435 3067 536 3148; x_wconf 82' lang='lat' dir='ltr'>foret,</span> <span class='ocrx_word' id='word_1_181' title='bbox 557 3067 586 3131; x_wconf 86' lang='lat' dir='ltr'>si</span> <span class='ocrx_word' id='word_1_182' title='bbox 600 3067 776 3151; x_wconf 87' lang='lat' dir='ltr'>dispersas,</span> <span class='ocrx_word' id='word_1_183' title='bbox 798 3085 877 3150; x_wconf 90' lang='lat' dir='ltr'>quae</span> <span class='ocrx_word' id='word_1_184' title='bbox 899 3068 1099 3132; x_wconf 88' lang='lat' dir='ltr'>characteres</span> <span class='ocrx_word' id='word_1_185' title='bbox 1113 3087 1320 3151; x_wconf 88' lang='lat' dir='ltr'>personarum</span> <span class='ocrx_word' id='word_1_186' title='bbox 1334 3066 1422 3130; x_wconf 93' lang='lat' dir='ltr'>bibli-</span> 
     </span>
     <span class='ocr_line' id='line_1_24' title="bbox 241 3173 1422 3260; baseline 0 -22"><span class='ocrx_word' id='word_1_187' title='bbox 241 3194 347 3239; x_wconf 89' lang='lat' dir='ltr'>oarum</span> <span class='ocrx_word' id='word_1_188' title='bbox 364 3180 572 3257; x_wconf 86' lang='lat' dir='ltr'>concernunt,</span> <span class='ocrx_word' id='word_1_189' title='bbox 587 3174 717 3240; x_wconf 88' lang='lat' dir='ltr'>notitias</span> <span class='ocrx_word' id='word_1_190' title='bbox 730 3173 910 3260; x_wconf 84' lang='lat' dir='ltr'>colligeret,</span> <span class='ocrx_word' id='word_1_191' title='bbox 926 3173 1059 3257; x_wconf 80' lang='lat' dir='ltr'>indeque</span> <span class='ocrx_word' id='word_1_192' title='bbox 1070 3173 1221 3260; x_wconf 86' lang='lat' dir='ltr'>imagines</span> <span class='ocrx_word' id='word_1_193' title='bbox 1234 3195 1342 3240; x_wconf 89' lang='lat' dir='ltr'>earnm</span> <span class='ocrx_word' id='word_1_194' title='bbox 1355 3176 1422 3238; x_wconf 90' lang='lat' dir='ltr'>cba-</span> 
     </span>
     <span class='ocr_line' id='line_1_25' title="bbox 240 3280 1420 3368; baseline 0 -22"><span class='ocrx_word' id='word_1_195' title='bbox 240 3284 455 3348; x_wconf 90' lang='lat' dir='ltr'>racteristicas</span> <span class='ocrx_word' id='word_1_196' title='bbox 470 3285 533 3349; x_wconf 89' lang='lat' dir='ltr'>sibi</span> <span class='ocrx_word' id='word_1_197' title='bbox 547 3284 742 3368; x_wconf 90' lang='lat' dir='ltr'>depingeret.</span> <span class='ocrx_word' id='word_1_198' title='bbox 759 3281 831 3347; x_wconf 91' lang='lat' dir='ltr'>Non</span> <span class='ocrx_word' id='word_1_199' title='bbox 847 3283 928 3348; x_wconf 90' lang='lat' dir='ltr'>euim</span> <span class='ocrx_word' id='word_1_200' title='bbox 943 3287 1053 3367; x_wconf 89' lang='lat' dir='ltr'>posset</span> <span class='ocrx_word' id='word_1_201' title='bbox 1067 3280 1154 3364; x_wconf 87' lang='lat' dir='ltr'>tieri,</span> <span class='ocrx_word' id='word_1_202' title='bbox 1181 3282 1257 3368; x_wconf 91' lang='lat' dir='ltr'>quio</span> <span class='ocrx_word' id='word_1_203' title='bbox 1272 3282 1420 3368; x_wconf 90' lang='lat' dir='ltr'>ejusmodi</span> 
     </span>
     <span class='ocr_line' id='line_1_26' title="bbox 239 3387 1419 3479; baseline -0.002 -25"><span class='ocrx_word' id='word_1_204' title='bbox 239 3391 391 3478; x_wconf 84' lang='lat' dir='ltr'>imagines</span> <span class='ocrx_word' id='word_1_205' title='bbox 419 3392 458 3456; x_wconf 90' lang='lat' dir='ltr'>ad</span> <span class='ocrx_word' id='word_1_206' title='bbox 484 3392 683 3458; x_wconf 88' lang='lat' dir='ltr'>illustrandas</span> <span class='ocrx_word' id='word_1_207' title='bbox 711 3391 987 3476; x_wconf 86' lang='lat' dir='ltr'>interpretationes</span> <span class='ocrx_word' id='word_1_208' title='bbox 1016 3391 1142 3478; x_wconf 89' lang='lat' dir='ltr'>egregie</span> <span class='ocrx_word' id='word_1_209' title='bbox 1174 3391 1358 3456; x_wconf 83' lang='lat' dir='ltr'>conferrent</span> <span class='ocrx_word' id='word_1_210' title='bbox 1382 3387 1419 3479; x_wconf 82' lang='lat'>³).</span> 
     </span>
     <span class='ocr_line' id='line_1_27' title="bbox 239 3498 1421 3586; baseline 0.001 -25"><span class='ocrx_word' id='word_1_211' title='bbox 239 3499 419 3564; x_wconf 83' lang='lat' dir='ltr'>Haurieuda</span> <span class='ocrx_word' id='word_1_212' title='bbox 441 3522 517 3566; x_wconf 86' lang='lat' dir='ltr'>vero</span> <span class='ocrx_word' id='word_1_213' title='bbox 535 3507 583 3565; x_wconf 89' lang='lat' dir='ltr'>est</span> <span class='ocrx_word' id='word_1_214' title='bbox 605 3501 683 3565; x_wconf 90' lang='lat' dir='ltr'>haec</span> <span class='ocrx_word' id='word_1_215' title='bbox 706 3501 845 3586; x_wconf 91' lang='lat' dir='ltr'>cognitio</span> <span class='ocrx_word' id='word_1_216' title='bbox 860 3505 927 3564; x_wconf 91' lang='lat' dir='ltr'>tom</span> <span class='ocrx_word' id='word_1_217' title='bbox 949 3521 986 3565; x_wconf 87' lang='lat' dir='ltr'>ex</span> <span class='ocrx_word' id='word_1_218' title='bbox 1009 3500 1088 3586; x_wconf 91' lang='lat' dir='ltr'>ipsis</span> <span class='ocrx_word' id='word_1_219' title='bbox 1109 3498 1215 3564; x_wconf 88' lang='lat' dir='ltr'>uerbis</span> <span class='ocrx_word' id='word_1_220' title='bbox 1230 3499 1421 3584; x_wconf 90' lang='lat' dir='ltr'>loquentium</span> 
     </span>
     <span class='ocr_line' id='line_1_28' title="bbox 239 3607 1421 3696; baseline -0.001 -27"><span class='ocrx_word' id='word_1_221' title='bbox 239 3611 359 3672; x_wconf 87' lang='lat' dir='ltr'>attente</span> <span class='ocrx_word' id='word_1_222' title='bbox 376 3609 583 3674; x_wconf 87' lang='lat' dir='ltr'>consideratis</span> <span class='ocrx_word' id='word_1_223' title='bbox 600 3616 631 3674; x_wconf 91' lang='lat' dir='ltr'>et</span> <span class='ocrx_word' id='word_1_224' title='bbox 646 3608 829 3696; x_wconf 88' lang='lat' dir='ltr'>perpensis,</span> <span class='ocrx_word' id='word_1_225' title='bbox 844 3613 911 3673; x_wconf 90' lang='lat' dir='ltr'>tum</span> <span class='ocrx_word' id='word_1_226' title='bbox 927 3629 964 3673; x_wconf 86' lang='lat' dir='ltr'>ex</span> <span class='ocrx_word' id='word_1_227' title='bbox 979 3609 1122 3674; x_wconf 89' lang='lat' dir='ltr'>historiis</span> <span class='ocrx_word' id='word_1_228' title='bbox 1133 3607 1275 3688; x_wconf 89' lang='lat' dir='ltr'>biblicis,</span> <span class='ocrx_word' id='word_1_229' title='bbox 1293 3627 1421 3672; x_wconf 91' lang='lat' dir='ltr'>necnon</span> 
     </span>
     <span class='ocr_line' id='line_1_29' title="bbox 242 3714 1423 3798; baseline -0.001 -23"><span class='ocrx_word' id='word_1_230' title='bbox 242 3733 279 3776; x_wconf 87' lang='lat' dir='ltr'>ex</span> <span class='ocrx_word' id='word_1_231' title='bbox 295 3715 519 3796; x_wconf 86' lang='lat' dir='ltr'>antiquissimis</span> <span class='ocrx_word' id='word_1_232' title='bbox 532 3717 691 3782; x_wconf 81' lang='lat' dir='ltr'>Ecclesiae</span> <span class='ocrx_word' id='word_1_233' title='bbox 708 3717 896 3782; x_wconf 86' lang='lat' dir='ltr'>christianae</span> <span class='ocrx_word' id='word_1_234' title='bbox 912 3717 1124 3795; x_wconf 89' lang='lat' dir='ltr'>documentis,</span> <span class='ocrx_word' id='word_1_235' title='bbox 1140 3715 1252 3798; x_wconf 90' lang='lat' dir='ltr'>quihus</span> <span class='ocrx_word' id='word_1_236' title='bbox 1268 3717 1309 3780; x_wconf 89' lang='lat' dir='ltr'>de</span> <span class='ocrx_word' id='word_1_237' title='bbox 1324 3714 1423 3779; x_wconf 85' lang='lat' dir='ltr'>indole</span> 
     </span>
    </p>
   </div>
   <div class='ocr_carea' id='block_1_9' title="bbox 241 3819 1251 3911">
    <p class='ocr_par' dir='ltr' id='par_1_10' title="bbox 241 3819 1251 3911">
     <span class='ocr_line' id='line_1_30' title="bbox 241 3819 1251 3911; baseline 0.002 -27"><span class='ocrx_word' id='word_1_238' title='bbox 241 3841 279 3884; x_wconf 90' lang='lat' dir='ltr'>ao</span> <span class='ocrx_word' id='word_1_239' title='bbox 295 3823 473 3888; x_wconf 89' lang='lat' dir='ltr'>conditione</span> <span class='ocrx_word' id='word_1_240' title='bbox 487 3844 692 3910; x_wconf 88' lang='lat' dir='ltr'>personarum</span> <span class='ocrx_word' id='word_1_241' title='bbox 707 3825 891 3891; x_wconf 90' lang='lat' dir='ltr'>biblioarum</span> <span class='ocrx_word' id='word_1_242' title='bbox 905 3824 996 3910; x_wconf 88' lang='lat' dir='ltr'>plura</span> <span class='ocrx_word' id='word_1_243' title='bbox 1011 3823 1191 3890; x_wconf 83' lang='lat' dir='ltr'>referuntur</span> <span class='ocrx_word' id='word_1_244' title='bbox 1205 3819 1251 3911; x_wconf 75' lang='lat'>⁸).</span> 
     </span>
    </p>
   </div>
   <div class='ocr_carea' id='block_1_10' title="bbox 268 3983 1426 4703">
    <p class='ocr_par' dir='ltr' id='par_1_11' title="bbox 268 3983 1426 4703">
     <span class='ocr_line' id='line_1_31' title="bbox 268 3983 1425 4052; baseline 0 -18"><span class='ocrx_word' id='word_1_245' title='bbox 268 3983 292 4048; x_wconf 91' lang='lat'>¹)</span> <span class='ocrx_word' id='word_1_246' title='bbox 312 3989 452 4047; x_wconf 78' lang='lat' dir='ltr'>Inprimis,</span> <span class='ocrx_word' id='word_1_247' title='bbox 481 4004 545 4052; x_wconf 87' lang='lat' dir='ltr'>quae</span> <span class='ocrx_word' id='word_1_248' title='bbox 572 3992 597 4038; x_wconf 91' lang='lat' dir='ltr'>in</span> <span class='ocrx_word' id='word_1_249' title='bbox 616 3992 648 4039; x_wconf 86' lang='lat' dir='ltr'>N.</span> <span class='ocrx_word' id='word_1_250' title='bbox 667 3989 697 4040; x_wconf 88' lang='lat' dir='ltr'>u.</span> <span class='ocrx_word' id='word_1_251' title='bbox 717 3993 750 4040; x_wconf 86' lang='lat' dir='ltr'>de</span> <span class='ocrx_word' id='word_1_252' title='bbox 768 3992 844 4040; x_wconf 76' lang='lat' dir='ltr'>dietis</span> <span class='ocrx_word' id='word_1_253' title='bbox 870 3995 896 4040; x_wconf 91' lang='lat' dir='ltr'>et</span> <span class='ocrx_word' id='word_1_254' title='bbox 919 3991 995 4039; x_wconf 80' lang='lat' dir='ltr'>iactis</span> <span class='ocrx_word' id='word_1_255' title='bbox 1014 3991 1078 4040; x_wconf 78' lang='lat' dir='ltr'>teau</span> <span class='ocrx_word' id='word_1_256' title='bbox 1101 3994 1255 4051; x_wconf 77' lang='lat' dir='ltr'>narramur,</span> <span class='ocrx_word' id='word_1_257' title='bbox 1285 3989 1425 4050; x_wconf 75' lang='lat' dir='ltr'>generatim</span> 
     </span>
     <span class='ocr_line' id='line_1_32' title="bbox 311 4080 1426 4142; baseline 0.001 -17"><span class='ocrx_word' id='word_1_258' title='bbox 311 4080 348 4126; x_wconf 86' lang='lat' dir='ltr'>ita</span> <span class='ocrx_word' id='word_1_259' title='bbox 365 4080 532 4140; x_wconf 87' lang='lat' dir='ltr'>interpretari</span> <span class='ocrx_word' id='word_1_260' title='bbox 550 4086 667 4142; x_wconf 87' lang='lat' dir='ltr'>oportet,</span> <span class='ocrx_word' id='word_1_261' title='bbox 688 4086 718 4130; x_wconf 91' lang='lat' dir='ltr'>ut</span> <span class='ocrx_word' id='word_1_262' title='bbox 736 4083 840 4130; x_wconf 83' lang='lat' dir='ltr'>sublimi</span> <span class='ocrx_word' id='word_1_263' title='bbox 859 4084 942 4142; x_wconf 83' lang='lat' dir='ltr'>ipsius</span> <span class='ocrx_word' id='word_1_264' title='bbox 961 4083 1104 4130; x_wconf 84' lang='lat' dir='ltr'>characteri</span> <span class='ocrx_word' id='word_1_265' title='bbox 1121 4082 1307 4141; x_wconf 84' lang='lat' dir='ltr'>respondeant.</span> <span class='ocrx_word' id='word_1_266' title='bbox 1346 4082 1426 4140; x_wconf 80' lang='lat' dir='ltr'>Quare</span> 
     </span>
     <span class='ocr_line' id='line_1_33' title="bbox 312 4171 1426 4234; baseline 0 -18"><span class='ocrx_word' id='word_1_267' title='bbox 312 4171 455 4220; x_wconf 83' lang='lat' dir='ltr'>damnanda</span> <span class='ocrx_word' id='word_1_268' title='bbox 481 4175 523 4220; x_wconf 89' lang='lat' dir='ltr'>est</span> <span class='ocrx_word' id='word_1_269' title='bbox 549 4174 743 4234; x_wconf 79' lang='lat' dir='ltr'>interpretatio,</span> <span class='ocrx_word' id='word_1_270' title='bbox 773 4187 822 4234; x_wconf 84' lang='lat' dir='ltr'>qua</span> <span class='ocrx_word' id='word_1_271' title='bbox 848 4174 1009 4232; x_wconf 86' lang='lat' dir='ltr'>declaratur,</span> <span class='ocrx_word' id='word_1_272' title='bbox 1038 4173 1234 4232; x_wconf 83' lang='lat' dir='ltr'>daemoniacos,</span> <span class='ocrx_word' id='word_1_273' title='bbox 1263 4173 1308 4230; x_wconf 89' lang='lat' dir='ltr'>qui</span> <span class='ocrx_word' id='word_1_274' title='bbox 1337 4172 1426 4219; x_wconf 83' lang='lat' dir='ltr'>ibidem</span> 
     </span>
     <span class='ocr_line' id='line_1_34' title="bbox 311 4249 1426 4325; baseline -0.001 -19"><span class='ocrx_word' id='word_1_275' title='bbox 311 4267 550 4325; x_wconf 87' lang='lat' dir='ltr'>commemorantur,</span> <span class='ocrx_word' id='word_1_276' title='bbox 570 4275 622 4310; x_wconf 91' lang='lat' dir='ltr'>non</span> <span class='ocrx_word' id='word_1_277' title='bbox 639 4264 721 4312; x_wconf 82' lang='lat' dir='ltr'>miste</span> <span class='ocrx_word' id='word_1_278' title='bbox 740 4276 833 4312; x_wconf 83' lang='lat' dir='ltr'>revera</span> <span class='ocrx_word' id='word_1_279' title='bbox 851 4276 866 4310; x_wconf 84' lang='lat' dir='ltr'>a</span> <span class='ocrx_word' id='word_1_280' title='bbox 883 4263 993 4324; x_wconf 79' lang='lat' dir='ltr'>maligno</span> <span class='ocrx_word' id='word_1_281' title='bbox 1013 4263 1106 4324; x_wconf 89' lang='lat' dir='ltr'>spiritu</span> <span class='ocrx_word' id='word_1_282' title='bbox 1125 4249 1253 4324; x_wconf 77' lang='lat' dir='ltr'>agitatos,</span> <span class='ocrx_word' id='word_1_283' title='bbox 1272 4263 1322 4310; x_wconf 86' lang='lat' dir='ltr'>sed</span> <span class='ocrx_word' id='word_1_284' title='bbox 1340 4260 1426 4307; x_wconf 88' lang='lat' dir='ltr'>morbo</span> 
     </span>
     <span class='ocr_line' id='line_1_35' title="bbox 311 4351 1426 4416; baseline -0.001 -20"><span class='ocrx_word' id='word_1_285' title='bbox 311 4352 422 4398; x_wconf 86' lang='lat' dir='ltr'>naturali</span> <span class='ocrx_word' id='word_1_286' title='bbox 451 4357 607 4414; x_wconf 88' lang='lat' dir='ltr'>correptos,</span> <span class='ocrx_word' id='word_1_287' title='bbox 637 4355 696 4415; x_wconf 85' lang='lat' dir='ltr'>quia</span> <span class='ocrx_word' id='word_1_288' title='bbox 724 4355 835 4414; x_wconf 81' lang='lat' dir='ltr'>ingenuo</span> <span class='ocrx_word' id='word_1_289' title='bbox 865 4353 1007 4403; x_wconf 84' lang='lat' dir='ltr'>Saivatorls</span> <span class='ocrx_word' id='word_1_290' title='bbox 1036 4355 1136 4416; x_wconf 87' lang='lat' dir='ltr'>animo,</span> <span class='ocrx_word' id='word_1_291' title='bbox 1167 4353 1210 4413; x_wconf 93' lang='lat' dir='ltr'>qui</span> <span class='ocrx_word' id='word_1_292' title='bbox 1230 4351 1290 4398; x_wconf 89' lang='lat' dir='ltr'>iilos</span> <span class='ocrx_word' id='word_1_293' title='bbox 1310 4355 1426 4410; x_wconf 78' lang='lat' dir='ltr'>tanquam</span> 
     </span>
     <span class='ocr_line' id='line_1_36' title="bbox 310 4443 1424 4504; baseline -0.004 -16"><span class='ocrx_word' id='word_1_294' title='bbox 310 4453 403 4489; x_wconf 85' lang='lat' dir='ltr'>reuera</span> <span class='ocrx_word' id='word_1_295' title='bbox 421 4455 436 4489; x_wconf 89' lang='lat' dir='ltr'>a</span> <span class='ocrx_word' id='word_1_296' title='bbox 455 4445 578 4493; x_wconf 84' lang='lat' dir='ltr'>daemone</span> <span class='ocrx_word' id='word_1_297' title='bbox 597 4445 722 4493; x_wconf 79' lang='lat' dir='ltr'>obsessor</span> <span class='ocrx_word' id='word_1_298' title='bbox 750 4449 861 4500; x_wconf 86' lang='lat' dir='ltr'>tractat,</span> <span class='ocrx_word' id='word_1_299' title='bbox 891 4447 970 4504; x_wconf 89' lang='lat' dir='ltr'>plane</span> <span class='ocrx_word' id='word_1_300' title='bbox 998 4446 1119 4504; x_wconf 90' lang='lat' dir='ltr'>opposita</span> <span class='ocrx_word' id='word_1_301' title='bbox 1146 4447 1195 4492; x_wconf 88' lang='lat' dir='ltr'>est.</span> <span class='ocrx_word' id='word_1_302' title='bbox 1233 4443 1308 4500; x_wconf 79' lang='lat' dir='ltr'>Quod</span> <span class='ocrx_word' id='word_1_303' title='bbox 1336 4443 1424 4496; x_wconf 73' lang='lat' dir='ltr'>singu·</span> 
     </span>
     <span class='ocr_line' id='line_1_37' title="bbox 309 4529 1421 4597; baseline -0.004 -20"><span class='ocrx_word' id='word_1_304' title='bbox 309 4533 348 4578; x_wconf 86' lang='lat' dir='ltr'>tas</span> <span class='ocrx_word' id='word_1_305' title='bbox 367 4535 510 4584; x_wconf 86' lang='lat' dir='ltr'>locutiones</span> <span class='ocrx_word' id='word_1_306' title='bbox 529 4537 639 4597; x_wconf 78' lang='lat' dir='ltr'>attinet,</span> <span class='ocrx_word' id='word_1_307' title='bbox 659 4540 817 4597; x_wconf 84' lang='lat' dir='ltr'>quantopere</span> <span class='ocrx_word' id='word_1_308' title='bbox 836 4535 868 4582; x_wconf 87' lang='lat' dir='ltr'>ab</span> <span class='ocrx_word' id='word_1_309' title='bbox 887 4537 971 4582; x_wconf 87' lang='lat' dir='ltr'>animo</span> <span class='ocrx_word' id='word_1_310' title='bbox 990 4535 1146 4594; x_wconf 85' lang='lat' dir='ltr'>loquentium</span> <span class='ocrx_word' id='word_1_311' title='bbox 1165 4533 1302 4594; x_wconf 86' lang='lat' dir='ltr'>pendeant,</span> <span class='ocrx_word' id='word_1_312' title='bbox 1321 4529 1421 4575; x_wconf 80' lang='lat' dir='ltr'>obvium</span> 
     </span>
     <span class='ocr_line' id='line_1_38' title="bbox 308 4601 1424 4703; baseline -0.002 -35"><span class='ocrx_word' id='word_1_313' title='bbox 308 4627 447 4685; x_wconf 70' lang='lat' dir='ltr'>exemptum</span> <span class='ocrx_word' id='word_1_314' title='bbox 466 4629 589 4677; x_wconf 73' lang='lat' dir='ltr'>ostenuit.</span> <span class='ocrx_word' id='word_1_315' title='bbox 618 4628 661 4676; x_wconf 82' lang='lat' dir='ltr'>sic</span> <span class='ocrx_word' id='word_1_316' title='bbox 680 4628 788 4677; x_wconf 78' lang='lat' dir='ltr'>tornum</span> <span class='ocrx_word' id='word_1_317' title='bbox 806 4603 854 4701; x_wconf 55' lang='lat'>³122</span> <span class='ocrx_word' id='word_1_318' title='bbox 867 4603 977 4703; x_wconf 56' lang='grc' dir='ltr'>ηιξ-πῃ.</span> <span class='ocrx_word' id='word_1_319' title='bbox 1000 4604 1066 4701; x_wconf 49' lang='lat' dir='ltr'>effi</span> <span class='ocrx_word' id='word_1_320' title='bbox 1082 4603 1178 4690; x_wconf 52' lang='lat' dir='ltr'>abac.</span> <span class='ocrx_word' id='word_1_321' title='bbox 1202 4602 1249 4698; x_wconf 55' lang='lat' dir='ltr'>qb}</span> <span class='ocrx_word' id='word_1_322' title='bbox 1270 4601 1373 4686; x_wconf 60' lang='grc' dir='ltr'>’,ἓ-πῃ,</span> <span class='ocrx_word' id='word_1_323' title='bbox 1400 4616 1424 4666; x_wconf 74' lang='grc' dir='ltr'>τὶ</span> 
     </span>
    </p>
   </div>
   <div class='ocr_carea' id='block_1_11' title="bbox 0 0 1550 5286">
    <p class='ocr_par' dir='ltr' id='par_1_12' title="bbox 0 0 1550 5286">
     <span class='ocr_line' id='line_1_39' title="bbox 0 0 1550 5286; baseline 0 0"><span class='ocrx_word' id='word_1_324' title='bbox 0 0 1550 5286; x_wconf 95' lang='lat' dir='ltr'> </span> 
     </span>
    </p>
   </div>
  </div>
 </body>
</html>
