3092 5286
1223 445 1320 524 153Ι

183 628 288 676 nomina
307 627 389 676 nnec
409 628 541 688 ascrataat
564 625 631 687 quod
649 627 820 676 conversandi
838 627 963 674 rationem
982 637 1041 676 cum
1059 625 1140 674 attero
1159 638 1222 675 seru
1237 627 1300 676 atti·

181 723 241 781 n'et,
269 731 321 766 non
346 718 436 768 eadem
463 699 502 766 ah*
524 717 640 767 omnihus
669 719 750 767 sectis
777 717 941 780 praescripta
966 717 1075 779 haheri,
1104 719 1130 766 et
1153 729 1220 778 qnae
1238 721 1300 766 aunt

184 810 286 876 similia.

133 892 163 966 8)
182 901 239 948 Huc
257 901 373 960 spectant
389 899 515 960 plurimae
532 900 668 957 notiones,
689 899 799 961 quaein
818 900 935 948 omnihus
954 901 985 948 Δ.
1001 900 1029 947 it.
1049 899 1137 955 libris,
1157 899 1234 949 ctiam
1253 912 1299 947 aa·

182 989 283 1052 quioris
301 989 407 1046 aetatis,
425 990 604 1046 inveniuntur,
623 993 713 1050 utpote
732 1003 764 1038 ex
781 990 942 1040 institutione
961 989 1075 1039 hioaaica
1093 989 1236 1038 demutas.

130 1073 160 1146 ⁹)
180 1081 209 1128 id
224 1078 356 1128 chainehat
370 1080 439 1139 apud
447 1076 612 1141 Pharisaeos,
632 1081 684 1140 qni,
703 1080 764 1127 licet
781 1095 811 1130 ao
830 1083 958 1130 caeterum
967 1081 1047 1129 idoaia
1064 1081 1203 1141 discipulos
1213 1079 1299 1141 tacta·

181 1173 258 1232 rent,
278 1181 358 1231 saepe
376 1170 448 1230 leges
466 1170 609 1229 Moesicas,
629 1183 652 1218 e.
666 1181 692 1229 g.
711 1169 794 1230 legem
813 1171 846 1219 de
865 1171 990 1220 servando
1009 1169 1122 1220 Sahhato
1138 1171 1228 1219 hiatth.
1241 1169 1296 1231 111,

180 1259 226 1310 10.
248 1273 305 1322 sqq.
324 1260 392 1310 ultra
410 1263 520 1309 mentem
538 1259 695 1321 legislatoris
714 1261 892 1310 extenderunt.

656 1437 684 1506 S·
703 1432 746 1500 98.

465 1561 498 1632 h)
518 1561 644 1619 sasione
662 1561 784 1635 subjecta·
801 1561 947 1636 loquentia.

197 1707 318 1786 Quodsi
338 1705 514 1790 subjectum
531 1706 664 1792 loquens
689 1707 925 1792 consideratur,
949 1709 1164 1776 diversitatem
1191 1710 1299 1776 notic-

101 1837 179 1882 num
199 1815 332 1880 indicat:

196 1925 229 1988 1.
251 1925 396 1990 Indolee.
414 1923 533 1988 Notum
549 1927 609 2004 est,
625 1923 767 1988 homines
780 1923 897 1989 acriori
912 1925 1030 2012 ingenii
1047 1927 1189 1990 acumine
1204 1946 1297 2011 prac-

100 2033 193 2096 ditos
212 2031 280 2096 sine
296 2033 379 2096 omni
394 2032 461 2096 fere
483 2032 630 2098 molestia
652 2033 746 2097 ctiam
770 2032 967 2098 abstrusiora
993 2035 1038 2098 ita
1061 2039 1238 2118 penetrare,
1262 2039 1298 2100 nt

98 2142 250 2207 notiones
274 2161 384 2204 eorum
407 2145 457 2205 sat
480 2141 582 2206 claras
605 2147 699 2228 atquc
721 2143 880 2226 periectas
904 2143 1100 2225 concipiant3
1123 2166 1193 2208 cum
1220 2165 1297 2210 con-

99 2255 157 2316 tra
179 2249 236 2314 alii
259 2249 432 2314 obtusioris
462 2250 580 2336 ingenii
613 2249 754 2316 homines
778 2252 818 2315 iis
841 2252 1068 2337 cognoscendis
1091 2252 1141 2316 vel
1164 2273 1297 2336 prorsus

99 2358 242 2440 impares
270 2357 349 2436 sint,
379 2357 428 2420 vel
454 2358 493 2420 dc
515 2357 554 2421 iis
582 2359 707 2422 nonnisi
736 2365 847 2424 tenues
871 2363 903 2424 ct
925 2359 1126 2443 imperfectas
1149 2361 1295 2426 notiones

98 2465 165 2530 sibi
180 2469 284 2528 mente
298 2461 420 2550 fingere
439 2464 563 2528 valeant
572 2461 613 2552 ²).

198 2578 231 2640 2.
253 2574 430 2656 Educatio,
455 2594 534 2658 quac
549 2577 608 2638 hac
628 2575 660 2640 in
682 2597 718 2641 re
741 2575 864 2640 maximi
886 2577 1034 2642 momenti
1057 2581 1115 2642 est.
1144 2578 1295 2664 Equidem

99 2681 239 2766 primum
256 2680 341 2762 quod
356 2679 498 2766 singulos
513 2681 654 2747 homines
678 2684 800 2763 attinet,
824 2705 887 2768 quo
902 2684 1013 2748 melius
1030 2684 1080 2748 vel
1103 2683 1193 2768 pejus
1209 2685 1296 2750 docti

100 2794 136 2853 et
161 2789 286 2852 educati
307 2787 442 2869 fuerint,
467 2810 505 2854 co
523 2787 680 2872 justiores
695 2791 746 2854 vel
766 2791 867 2856 minus
883 2791 988 2876 justas
1011 2793 1167 2856 hahehnnt
1190 2793 1296 2858 notio·

99 2887 214 2984 ω’).
238 2896 317 2959 Dein
333 2897 403 2979 quis
422 2897 564 2982 ignorat,
590 2899 684 2962 ctiam
700 2899 838 2982 quamvis
855 2904 1006 2980 aetatem,
1031 2901 1170 2986 quamvis
1191 2901 1296 2966 natio·

99 3026 185 3085 nem,
209 2993 348 3070 scholam
364 3011 396 3070 et
411 3011 530 3071 sectam
536 3057 547 3090 ,
572 3007 705 3091 quodvis
725 3006 860 3092 denique
884 3013 1023 3092 systema
1044 3007 1294 3094 philosophicum

98 3113 220 3176 hahere
243 3133 317 3178 suas
340 3115 502 3197 notiones,
532 3116 713 3198 opiniones,
745 3113 942 3200 cognitiones
965 3117 1036 3201 plus
1059 3118 1198 3181 minusve
1221 3137 1296 3201 per-

97 3220 221 3299 fectas,
245 3240 321 3284 suos
345 3243 471 3288 errores
495 3243 615 3309 suaque
638 3223 846 3308 praejudicia,
871 3244 950 3309 quae
973 3223 1171 3288 hauddubie
1195 3223 1295 3310 origi·

98 3348 173 3394 nem
196 3327 311 3394 dehent
332 3331 498 3416 principiis
521 3331 732 3414 educationis,
757 3353 818 3416 qna
834 3336 907 3396 sunt
930 3332 981 3395 usi
992 3329 1036 3418 ⁸).

128 3491 155 3557 ¹)
176 3497 206 3542 ii.
226 3507 252 3555 ς.
271 3496 386 3546 homines
405 3498 532 3558 singulari
541 3493 646 3558 ingenio
661 3497 773 3557 praediti
791 3497 847 3544 sine
862 3497 932 3544 omni
946 3497 1121 3551 institutione,
1141 3509 1190 3544 sua
1200 3498 1294 3554 sponte

175 3588 258 3634 multa
275 3589 308 3636 de
326 3588 426 3647 legibus
445 3591 559 3648 physicis
579 3591 733 3650 ohaervant,
753 3601 810 3636 cum
828 3592 920 3636 eontra
938 3601 1029 3646 magna
1046 3589 1175 3634 hominum
1186 3599 1249 3646 pars
1263 3588 1296 3634 ad

174 3688 220 3724 eas
241 3676 293 3724 rite
308 3677 486 3738 intelligendas
504 3691 615 3738 prorsus
633 3677 715 3727 hehes
733 3679 775 3725 ait.
795 3703 828 3713 —
850 3677 933 3723 Etiam
948 3676 1073 3736 judicium
1092 3677 1293 3736 deuotionibus,

173 3768 238 3815 lieet
255 3769 406 3816 educatione
425 3769 562 3828 plurimum
582 3773 704 3830 regatur,
729 3767 761 3816 ah
786 3769 917 3816 hominum
942 3767 1027 3815 indole
1046 3767 1221 3827 independens
1242 3779 1294 3814 non

176 3869 279 3918 semper
310 3859 450 3908 invenitur.
478 3861 572 3908 'cont
601 3860 690 3908 Theoi.
727 3860 816 3907 morai.
853 3859 880 3905 in
913 3859 1089 3918 compendium
1122 3858 1230 3906 redacta
1261 3859 1294 3904 ah

173 3946 278 3994 Amhr.
300 3949 369 3996 Jos.
398 3947 509 4010 Stapi.
538 3950 677 4009 oeniponai
695 3950 774 3998 1832.
793 3949 866 3996 '1¹om.
885 3949 906 3995 1.
926 3947 998 3997 Seet.
1018 3949 1052 3996 11.
1071 3947 1133 4008 cap.
1152 3949 1185 3994 il.
1204 3949 1230 4008 s.
1247 3948 1293 3995 ih.
1369 3985 1370 3991 ,

176 4048 204 4083 n.
228 4037 254 4083 5.
280 4039 306 4085 d.

135 4119 164 4186 ²)
185 4125 243 4182 Sic,
276 4140 352 4188 quum
374 4128 463 4176 urbem
481 4132 523 4176 sat
545 4130 700 4178 mediocrem
717 4129 793 4190 dicit,
821 4129 864 4189 qui
882 4129 973 4174 multas
991 4127 1113 4186 regiones
1135 4127 1293 4187 peragravit,

173 4216 306 4264 maximam
324 4218 427 4266 habehit
445 4220 578 4279 plchejus‚
599 4232 682 4280 pagos
704 4222 804 4266 tantum
821 4219 952 4278 hucnaqne
972 4219 1090 4266 intuitus.
1117 4218 1195 4276 Quam
1213 4217 1294 4263 musi·

171 4317 229 4354 cam
238 4309 369 4368 egregiam
383 4309 476 4358 dixerit
492 4311 613 4366 incultos,
631 4312 770 4370 pessimam
780 4322 860 4370 saepe
870 4307 975 4357 habehit
987 4309 1051 4356 artis
1064 4308 1141 4368 hujm
1158 4309 1292 4369 magister.

172 4398 243 4456 Quot
265 4399 388 4446 notiones
407 4399 519 4460 antiquis
537 4402 641 4449 nonita
660 4401 736 4448 cultis
756 4411 865 4458 prorsus
891 4400 1016 4460 deerant,
1037 4399 1128 4460 quihus
1151 4399 1292 4446 instructus

172 4491 215 4558 est
232 4490 318 4536 nostri
335 4491 393 4538 aeui
411 4490 451 4538 vir
469 4493 603 4540 eruditus?

123 4575 150 4642 θ)
169 4582 241 4640 Quae
265 4581 405 4641 singularia
429 4581 612 4642 Philosophiae
631 4587 658 4630 et
686 4581 840 4642 'theologiae
868 4585 1007 4643 praecepta
1035 4581 1143 4639 iudaei,
1171 4579 1290 4638 inprimis

171 4671 354 4735 Alexandrini,
369 4671 519 4724 notionibus
534 4673 574 4724 ani
590 4673 646 4724 aeri
658 4683 773 4734 suaeque
789 4673 902 4735 regionis
919 4673 1080 4722 inhaerentes
1097 4669 1209 4720 foverint
1223 4670 1290 4717 tcm-
