3092 5286
236 441 312 517 tlt

231 621 354 684 liteuim
370 618 408 682 ad
432 615 595 682 dicendum
611 616 716 682 induci
732 615 836 682 solent
852 617 994 684 homines
1011 619 1109 683 certis
1125 619 1312 705 quibusdam
1335 619 1425 682 moti·

231 729 289 808 vis,
306 728 371 791 siue
388 726 501 806 dubiis,
520 747 599 812 quae
615 726 758 810 solvere,
776 727 843 792 sive
858 727 945 792 vitiis
962 731 994 791 et
1017 727 1200 808 erroribus,
1225 749 1308 812 qnos
1326 728 1425 791 corri-

230 857 320 922 gere,
337 836 403 898 sive
428 835 522 914 votis,
539 835 651 918 quibus
667 834 862 914 satisfacere,
888 835 955 900 sive
972 831 1099 900 adlictis
1116 835 1239 917 animis,
1257 856 1339 920 quos
1365 835 1424 898 eri·

230 964 306 1028 gere
323 943 498 1006 intendunt.
514 944 582 1007 Jam
598 943 674 1006 haec
699 947 836 1020 externa,
861 964 1074 1028 quaecumque
1090 944 1218 1028 luerint,
1252 966 1333 1029 quae
1352 941 1424 1007 cde-

233 1055 354 1130 cerunt,
371 1055 407 1114 ut
423 1050 493 1135 quis
510 1051 643 1132 dicendi,
668 1050 841 1136 etquidem
862 1049 924 1116 hoc
944 1051 995 1114 vel
1022 1052 1101 1116 illud
1117 1053 1243 1116 dicendi
1259 1054 1424 1116 consilium

237 1164 377 1244 caperet,
401 1163 535 1226 occasio
550 1163 715 1226 sermonis
731 1159 887 1224 dicuntur.
903 1195 949 1207 -
964 1161 1009 1224 lix
1029 1165 1141 1224 natura
1155 1163 1203 1224 rei
1218 1161 1331 1245 liquet,
1351 1183 1420 1224 ora·
1520 1185 1521 1192 ¹

238 1269 358 1332 tionem
376 1267 536 1331 occasioni
560 1267 780 1350 attemperari,
807 1272 840 1332 et
854 1268 946 1352 proin
963 1268 1055 1351 hujus
1072 1269 1283 1356 cognitionem
1301 1271 1342 1333 ad
1359 1291 1428 1332 sen-

235 1399 304 1442 sum
326 1375 480 1440 dictorum
506 1375 728 1458 explorandum
753 1375 876 1439 maximi
903 1377 1054 1441 momenti
1071 1398 1151 1442 esse.
1175 1378 1276 1458 Saue,
1301 1378 1428 1462 quodin

233 1485 378 1567 Psalmis,
395 1484 458 1548 imo
475 1484 568 1548 etiam
584 1483 617 1546 in
634 1483 779 1567 epistolis
794 1483 836 1548 N.
852 1485 891 1547 Τ.
913 1485 1046 1569 aliisque
1070 1506 1097 1548 s.
1126 1485 1314 1569 Scripturas
1329 1485 1427 1568 parti·

233 1595 292 1657 lnus
308 1591 552 1676 interpretandis
569 1613 663 1675 saepe
679 1594 873 1672 haereamus,
891 1599 952 1673 est,
969 1593 1054 1677 quod
1070 1594 1252 1658 occasiones
1265 1595 1306 1658 ad
1322 1594 1427 1656 dicen-

234 1703 306 1765 dum
321 1701 371 1766 vel
387 1702 585 1765 scribendum
597 1701 790 1785 ignoramus.

323 1811 497 1894 Praecipua
511 1831 588 1874 vero
613 1809 837 1890 emolumenta,
855 1829 934 1894 quae
958 1809 1085 1874 occasio
1102 1809 1257 1873 sermonis
1272 1810 1336 1872 rite
1354 1829 1427 1894 cog·

234 1921 302 1984 nita
317 1918 484 2001 interpreti
500 1917 690 2000 suppeditat,
707 1921 781 1980 suut
796 1916 983 2001 sequentia:

324 2032 357 2094 1.
382 2028 485 2109 Saepe
501 2027 574 2090 inde
590 2025 796 2108 dijudicatur,
825 2045 975 2111 quaenam
993 2022 1183 2110 significatio
1202 2047 1219 2088 e
1235 2023 1381 2107 pluribus
1397 2024 1426 2086 in

237 2138 310 2200 dato
328 2137 399 2200 loco
416 2135 577 2220 seligenda
592 2134 645 2197 sit.
663 2133 806 2213 Scilicet,
820 2153 899 2218 quae
915 2133 1088 2214 respondet
1104 2132 1265 2196 occasioni
1278 2130 1322 2218 ¹).

327 2245 359 2305 2.
379 2243 512 2306 Occasio
528 2243 611 2305 haud
626 2262 700 2306 raro
717 2243 821 2324 docet,
838 2261 908 2304 num
925 2241 1024 2304 dictio
1053 2240 1183 2323 proprie
1210 2259 1247 2302 an
1265 2237 1427 2321 inproprie

234 2355 276 2416 sit
293 2353 452 2437 capienda,
472 2372 530 2416 nec
546 2372 608 2414 non
623 2355 789 2434 troporum
806 2371 931 2415 sensum
946 2349 1086 2414 illustrat
1098 2349 1141 2436 ²).

324 2465 356 2528 3.
373 2461 531 2525 Interdum
548 2459 697 2540 ostendit,
714 2461 838 2543 quinam
855 2460 919 2524 sint
939 2459 1096 2523 dictorum
1111 2460 1238 2523 termini
1250 2458 1294 2547 ³).

324 2572 357 2634 d.
373 2570 514 2653 Denique
531 2587 590 2652 ope
611 2566 704 2650 hujus
725 2568 857 2632 subsidii
879 2567 1018 2654 gravitas
1034 2569 1190 2632 dictorum
1206 2570 1421 2654 cognoscitur,

234 2683 266 2742 et
286 2680 412 2763 quidem
429 2676 549 2760 duplici
564 2677 668 2740 modo.

322 2786 475 2864 Primum,
499 2805 578 2866 quae
601 2784 671 2868 quis
691 2783 838 2868 grauibus
860 2783 1034 2846 rationibus
1057 2781 1194 2848 externis
1218 2787 1323 2846 motus
1340 2782 1425 2862 dixit,

232 2903 365 2961 mentem
376 2895 535 2977 loquantis
547 2894 690 2977 profectu
704 2894 882 2958 accuratius
895 2893 1045 2976 pandunt,
1060 2913 1151 2976 quam
1162 2893 1341 2957 incidenter
1354 2913 1429 2975 pro·

231 3006 305 3082 lata,
322 3006 463 3085 adeoque
477 3003 557 3066 locis
574 3002 714 3066 classicis
727 3002 841 3064 debent
853 3002 1050 3066 adnumerari
1063 2993 1106 3088 ⁸).
1125 3001 1161 3064 Si
1174 3023 1273 3085 porro
1286 3001 1427 3064 animad-

231 3117 397 3193 vertimus,
418 3113 552 3196 aliquem
568 3132 624 3175 sua
640 3115 769 3193 sponte,
793 3110 879 3173 uulla
895 3111 1062 3174 occasione
1080 3113 1207 3174 externa
1222 3116 1424 3194 provocatum

232 3225 394 3302 docuisse,
418 3241 611 3305 nequaquam
637 3239 796 3283 assumere
822 3218 915 3298 licet,
943 3221 1108 3282 docentem
1131 3241 1149 3282 e
1172 3225 1276 3282 mente
1298 3220 1428 3282 aliorum

230 3337 350 3396 tantum
366 3331 500 3408 dixisse,
524 3349 580 3392 seu
596 3349 666 3392 sese
682 3329 924 3406 accomodasse,
951 3329 1008 3390 sed
1029 3327 1135 3410 potius
1152 3329 1353 3390 statuendum
1370 3332 1426 3406 est,

231 3441 392 3503 doctrinas
414 3437 499 3500 ultro
515 3437 697 3520 propositas
718 3435 818 3519 ipsius
840 3435 1000 3516 loquentis
1024 3455 1116 3498 sensa
1138 3435 1313 3519 exprimere
1330 3432 1374 3522 ⁵).

320 3547 366 3608 Ex
394 3545 506 3607 notitia
534 3543 710 3606 occasionis
738 3542 901 3606 consilium
926 3563 1051 3628 quoque
1074 3543 1233 3629 loquentis
1249 3549 1423 3627 patescere,

230 3655 312 3718 intra
327 3654 451 3716 dicetur
474 3649 523 3735 (S.
546 3649 640 3736 131).

322 3759 533 3844 Cognoscitur
555 3778 630 3822 vero
661 3758 785 3822 occasio
808 3760 964 3823 sermonis
992 3764 1046 3822 aut
1073 3759 1233 3843 exipsius
1265 3757 1421 3841 loquentis

230 3869 458 3946 declaratione,
475 3873 529 3930 aut
545 3889 582 3930 ex
598 3867 731 3932 aliorum
746 3867 953 3931 relationibus
967 3865 1011 3954 α).
1033 3867 1095 3930 Ubi
1112 3869 1329 3952 autenm-quod
1345 3865 1423 3930 haud

230 4001 305 4042 raro
323 3976 463 4057 obtinet,
481 3974 635 4058 ejusmodi
650 3974 767 4040 indicia
783 3975 959 4040 occasionis
976 3977 1098 4056 desunt,
1118 3977 1253 4040 materia
1267 3976 1424 4039 substrata

228 4085 414 4171 singulaque
430 4083 494 4146 loci
509 4085 593 4148 dicta
610 4105 678 4147 cum
691 4085 776 4147 notis
790 4083 1035 4147 circumstantiis
1050 4090 1082 4148 et
1093 4083 1186 4147 lactis
1200 4083 1338 4168 fatisque
1351 4103 1421 4166 per·

227 4214 325 4257 sonae
342 4192 499 4276 loquentis
518 4198 748 4274 comparentur,
771 4193 905 4274 indeque
924 4192 1050 4255 occasio
1068 4195 1225 4255 statuatur
1237 4187 1280 4276 τ).

257 4371 281 4441 ¹)
301 4377 338 4421 Ex
353 4377 401 4422 hoc
421 4375 506 4434 cupita
526 4375 602 4420 Joan.
624 4375 686 4430 vn,
710 4376 749 4421 17.
777 4368 827 4422 ἀπ’
851 4368 952 4439 ἰμαυτῦ
972 4388 1006 4422 σω
1023 4376 1075 4422 mci
1093 4375 1195 4436 inpertit
1211 4377 1317 4424 utribus
1337 4377 1419 4424 iuter·

299 4467 452 4526 pretendum
470 4471 525 4528 cst,
547 4468 607 4526 qula
628 4465 764 4512 admiratio
782 4467 939 4514 ludaeorum
954 4467 1034 4514 tontis
1054 4467 1188 4515 doctrinae
1206 4469 1269 4514 adeo
1295 4469 1416 4527 sublimis,

297 4571 371 4618 quam
389 4557 467 4605 donus
489 4557 644 4618 proposuit,
666 4557 799 4604 Dominum
822 4557 854 4603 ad
874 4557 1012 4603 ‘dicendum
1032 4557 1127 4618 movit,
1147 4559 1189 4606 cul
1209 4557 1325 4618 udaeque
1345 4573 1418 4607 occa·

297 4650 363 4697 aiunl
380 4663 408 4697 se
427 4651 596 4698 accomodans
615 4649 647 4696 de
662 4649 736 4695 sonte
759 4647 895 4696 doctrinae
910 4659 990 4706 egere
1009 4647 1107 4695 debuit.
