3112 5284
423 677 455 728 ll.
476 674 547 730 PER
566 672 766 729 spectasse
787 667 1017 736 casletensis,
1036 670 1085 724 ΕΤ
1104 668 1260 738 QUIDEM,

794 859 819 918 s.
834 845 888 906 us.

512 981 541 1049 a)
558 997 613 1052 per
631 977 742 1035 decreto
761 977 951 1039 conciliorum
968 979 1156 1050 pancratium.

331 1147 594 1225 Quemadmodum
610 1145 755 1209 Ecclesia
771 1145 927 1210 catholica
946 1165 1005 1230 per
1024 1145 1126 1210 ιίιιιιιι
1147 1141 1221 1208 lidei
1242 1144 1429 1228 depositum
1538 1139 1539 1146 '

243 1255 326 1337 quod
353 1254 384 1317 in
404 1255 474 1319 sinu
496 1274 553 1318 suo
576 1255 731 1334 custodit,
760 1253 932 1340 generatim
954 1275 1013 1338 pro
1039 1254 1275 1337 interpretanda
1296 1250 1373 1316 lidei
1402 1255 1432 1317 et

242 1383 364 1426 morum
392 1363 536 1426 doctrina
563 1383 701 1427 normam
725 1364 924 1427 direcfficem
940 1383 1093 1447 nunquam
1114 1383 1178 1425 non
1204 1361 1366 1440 exbibuit,
1389 1359 1432 1422 ita

243 1493 368 1555 quoquo
400 1472 542 1558 exigente
572 1472 761 1537 necessitate
792 1471 824 1534 in
840 1471 982 1536 conciliis
998 1470 1205 1535 oecumenicis
1227 1473 1432 1555 congregata,

242 1581 417 1666 respiciens
440 1583 478 1646 ad
505 1581 583 1646 illud
599 1583 795 1666 depositum,
819 1581 974 1665 speciales
990 1580 1165 1646 decisiones
1180 1582 1220 1644 de
1242 1600 1339 1645 sensu
1363 1579 1432 1642 bib-

244 1689 307 1755 lico
325 1691 433 1756 edidit.

330 1799 481 1882 Equidem
511 1799 604 1864 etiam
634 1799 813 1883 antiquiore
837 1797 980 1864 Consilia
1000 1816 1027 1861 s.
1051 1795 1247 1882 Scripturam
1270 1797 1303 1859 in
1330 1796 1425 1859 rebus

239 1904 313 1970 lidei
330 1913 362 1971 et
377 1929 497 1970 morum
513 1907 643 1990 speciali
658 1908 781 1972 ratione
798 1912 1020 1991 exposuerunt,
1044 1907 1117 1969 dum
1135 1905 1287 1968 damnatis
1304 1904 1427 1968 doctri·

239 2015 288 2077 nis
319 2016 519 2080 heterodoxis
550 2035 715 2098 perversas
742 2035 884 2100 quoque,
919 2015 1031 2100 quibus
1067 2017 1214 2077 auctores
1240 2017 1275 2076 et
1301 2011 1428 2096 patroni

239 2121 364 2187 illarum
405 2123 495 2188 locus
533 2123 666 2188 biblicus
690 2126 744 2190 ad
785 2145 861 2193 suos
894 2143 1006 2190 sensus
1045 2127 1287 2200 contorserunt,
1328 2121 1430 2184 inter·

238 2231 433 2313 pretationas
458 2232 509 2296 uel
535 2233 671 2314 directo,
710 2233 744 2296 id
775 2237 825 2297 est
858 2231 986 2296 disertis
1020 2231 1147 2312 verbis,
1188 2230 1238 2293 vel
1273 2229 1430 2293 indIrectc

238 2340 449 2424 reprobarunt
472 2341 523 2427 (S.
548 2340 651 2426 174),
685 2341 765 2406 falso
793 2341 1025 2406 baereticorum
1053 2340 1158 2404 sensui
1185 2361 1313 2420 nomm,
1338 2359 1430 2423 quem

241 2447 416 2532 apostolica
443 2449 573 2514 traditio
605 2449 771 2534 suadebat,
806 2470 930 2514 sensum
965 2449 1187 2514 substituentia
1205 2445 1260 2535 ¹),
1294 2447 1431 2512 cacteris
1539 2435 1540 2446 ¹

241 2557 336 2643 longo
352 2556 443 2640 plura
457 2559 561 2622 tamen
585 2559 643 2624 bac
670 2558 703 2621 iu
729 2579 764 2627 re
787 2559 1014 2642 praestiterunt
1030 2559 1140 2623 Patres
1154 2557 1354 2639 Tridentini,
1380 2557 1430 2641 qui

242 2665 291 2729 sul
311 2665 463 2749 temporis
488 2663 653 2750 iniquitate
676 2667 797 2750 coacti,
822 2689 867 2732 em
893 2668 1052 2752 professo
1078 2671 1268 2732 versionem
1289 2668 1429 2731 latinum

246 2773 424 2858 Vulqutam
443 2777 661 2840 authenticam
686 2778 918 2854 declararant,
947 2785 980 2840 el
999 2777 1176 2840 nonnullos
1204 2775 1247 2840 N.
1270 2773 1311 2838 Τ.
1339 2776 1428 2838 moos

241 2893 457 2950 nonencorte
479 2894 576 2966 atoue
603 2884 736 2969 definito
759 2895 998 2968 exposuerunt.
1033 2883 1169 2948 Primum
1196 2883 1280 2966 quud
1303 2882 1427 2960 attinet,
1540 2879 1541 2894 ,

242 2991 315 3075 quia
352 2997 553 3056 sacrosancta
584 2991 731 3077 Syaodus
758 2993 791 3059 in
815 2993 945 3057 decreto
976 3012 1072 3076 supra
1101 2961 1229 3056 latldato
1262 2987 1428 3078 (5176.)
1540 2997 1541 3020 ¹

241 3100 352 3165 statuit
379 3104 412 3166 ct
438 3101 617 3185 praecepit,
641 3107 676 3165 ut
695 3101 830 3188 Vulgata
844 3101 966 3186 versio,
989 3122 1068 3188 quae
1094 3101 1189 3187 longo
1211 3104 1262 3163 tot
1283 3099 1430 3165 saeculo·

239 3231 308 3274 rum
335 3229 395 3274 usu
420 3209 544 3294 inipso
568 3210 713 3277 lleclesia
738 3211 966 3298 probataest‚
1002 3211 1042 3275 ad
1066 3230 1157 3275 usum
1183 3209 1344 3293 publicum
1371 3229 1429 3294 pro

241 3319 418 3388 authentica
454 3319 622 3401 habeatur,
656 3325 688 3385 ct
715 3325 750 3384 ut
785 3342 851 3385 eam
886 3321 943 3386 sub
980 3319 1067 3384 nullo
1097 3323 1262 3402 praetextu
1291 3317 1429 3402 rejicere

237 3429 343 3508 liceat,
366 3429 527 3515 sequitur,
549 3435 740 3498 amalonem
760 3434 846 3498 boae
868 3433 987 3515 quoad
995 3431 1231 3496 substantialia
1254 3448 1331 3494 ease
1350 3430 1428 3512 foa·

239 3540 328 3604 tibae
366 3541 563 3624 conformem
593 3544 657 3623 ito,
687 3551 723 3606 ot
747 3543 838 3606 nollo
859 3541 1039 3626 defoedato
1062 3541 1109 3606 sit
1133 3559 1265 3620 errore,
1289 3559 1338 3602 cor
1366 3557 1430 3620 puro

238 3649 461 3730 perniciosum
488 3650 626 3732 aliquod
655 3651 776 3734 dopma
800 3649 881 3734 fidet
910 3659 941 3716 et
968 3669 1097 3714 morum
1129 3649 1239 3732 collipi
1264 3649 1376 3730 possit
1389 3642 1430 3730 ⁸).

239 3755 320 3818 Dein
348 3755 544 3839 decisiones,
585 3757 697 3842 quibus
725 3756 900 3824 Concilium
932 3755 1097 3822 nonnullos
1126 3755 1217 3820 locos
1247 3755 1288 3818 N.
1315 3755 1354 3819 'lt
1388 3753 1428 3816 ad

240 3859 335 3932 fidem
359 3867 391 3927 et
414 3883 517 3932 mures
539 3870 718 3948 spectantes
734 3889 802 3936 oum
818 3867 1043 3951 provocatione
1059 3865 1212 3929 advivam
1226 3862 1431 3928 traditionem

240 3972 273 4035 in
289 3970 359 4036 sinu
373 3971 536 4040 Ecclesiae
552 3974 725 4059 depositam
748 3995 842 4042 sensu
866 3979 955 4043 certo
978 3979 1072 4060 atque
1095 3969 1224 4038 delinito
1245 3971 1431 4036 solemniter

241 4080 400 4164 exposuit,
425 4079 487 4143 vim
510 4087 541 4146 et
564 4084 784 4154 auctoritatem
808 4081 1001 4149 delinitionis
1024 4081 1219 4169 dogmaticae
1234 4082 1361 4161 babent,
1385 4080 1430 4144 ita

239 4195 275 4252 ut
306 4209 416 4253 sensus
446 4188 554 4257 talium
599 4189 742 4256 locorum
786 4192 833 4256 sio
871 4192 1050 4257 declaratus
1087 4211 1124 4255 ac
1161 4189 1348 4275 propositus
1388 4187 1429 4252 sit

242 4296 397 4381 objectiue
421 4303 455 4364 ct
478 4299 621 4365 absolute
645 4303 752 4366 cortus
767 4298 811 4389 ⁸).

328 4407 376 4471 Ab
392 4405 441 4471 bis
458 4427 534 4472 uero
547 4407 739 4474 solemnibus
756 4429 867 4473 sensus
884 4407 1086 4492 quorumdam
1102 4391 1247 4471 locurum
1264 4401 1426 4472 delinitio-

242 4515 331 4580 nibus
347 4517 426 4586 bene
439 4515 650 4602 distinguendi
662 4522 734 4584 sunt
750 4517 812 4586 loci
828 4516 937 4583 biblici
952 4516 1018 4597 illi,
1042 4514 1153 4599 quibus
1168 4515 1327 4580 interdum
1344 4514 1428 4578 Con·

242 4621 313 4690 eilia
329 4625 366 4689 ad
383 4627 527 4712 dogmata
543 4621 752 4694 confirmanda
768 4631 909 4694 utuntur.
944 4624 1074 4692 Priores
1089 4621 1271 4690 infallibiles
1282 4623 1426 4709 judican-
