3190 5290
278 355 334 435 32

349 537 578 600 onomatoposlata
604 537 745 596 retortam,
768 533 925 594 posterioris
952 545 1017 584 vera
1046 533 1157 598 borean
1185 531 1304 584 miletus
1332 535 1466 598 exemptae

350 633 447 692 posuit.
479 656 511 666 -
544 623 661 690 Linguae
690 627 834 676 Semitiooe
852 627 978 688 singulari
996 639 1027 675 aa
1046 627 1174 674 constanti
1193 628 1310 676 radionm
1328 627 1465 675 contermi-

352 725 406 768 tate
435 734 463 768 se
492 720 670 778 distinguunt,
702 719 737 765 ita
762 721 789 765 ut
814 719 903 778 pannis
923 719 1038 778 exceptis
1057 731 1107 766 non
1126 719 1236 766 babeant
1253 719 1303 766 nisi
1322 720 1400 766 triam
1417 720 1468 770 ute
1542 724 1543 800 l

354 825 443 858 rarum
462 811 573 858 radiaea.

310 896 335 964 2)
354 903 500 963 ampliores
519 903 573 947 tum
592 899 771 948 vocabulorum
791 903 844 946 tum
862 900 1000 948 termarum
1018 899 1133 948 metensi
1157 901 1226 962 apud
1244 899 1379 956 ffiasoos,
1403 898 1469 946 uati-

357 1005 419 1050 nos,
440 991 579 1042 Germanos
599 992 730 1052 aliosque,
752 992 796 1052 qui
815 992 894 1052 magis
914 993 975 1040 oniti
995 996 1063 1052 sunt,
1082 991 1193 1051 populos
1213 991 1393 1050 inveniantur,
1412 1003 1469 1038 son-

354 1088 394 1130 trs
418 1084 543 1144 singulari
567 1083 675 1144 penuria
694 1086 745 1130 tam
766 1083 868 1130 texiaali
888 1097 963 1144 qaam
981 1081 1165 1144 grammaticali
1183 1083 1301 1132 laborant
1320 1082 1470 1141 monosylla-

354 1173 416 1233 bae,
437 1175 472 1222 nti
485 1173 613 1227 binensis,
632 1179 666 1229 et,
686 1186 750 1232 quae
769 1173 834 1222 aliae
854 1175 885 1221 ad
905 1175 961 1234 ejas
981 1174 1102 1222 tanlliam
1122 1175 1257 1234 spectant,
1279 1174 1401 1234 linguae,
1420 1183 1471 1218 nam

354 1277 404 1312 non
420 1269 472 1311 tam
486 1277 575 1324 voees,
594 1277 670 1323 qnam
689 1265 775 1323 potine
793 1277 884 1312 vocum
900 1265 1035 1322 elementa,
1056 1263 1179 1312 babentes
1198 1265 1285 1312 tarmis
1304 1265 1471 1312 adnationes

354 1356 475 1402 relativas
494 1362 521 1402 et
539 1356 701 1402 accessorius
717 1355 896 1415 exprimendas
913 1355 1099 1403 destituuntur.
1122 1357 1211 1414 Quoad
1225 1355 1338 1416 singulas
1351 1353 1473 1402 orationis

356 1451 444 1506 partes
463 1447 601 1494 artioulam
620 1445 767 1506 delinitum,
789 1447 833 1506 qni
852 1445 978 1506 Graecis,
996 1447 1133 1494 Germanis
1152 1447 1289 1506 multisque
1307 1447 1367 1494 altis
1387 1448 1413 1492 in
1431 1456 1474 1491 usu

355 1541 404 1594 est,
423 1537 529 1598 Persae,
549 1536 642 1596 bulini,
662 1536 810 1586 idaiaeones
829 1549 885 1584 eum
904 1538 965 1586 aliis
985 1551 1036 1584 non
1056 1537 1161 1586 babent.
1193 1538 1275 1586 Porro
1295 1536 1433 1598 adjectivis
1451 1537 1474 1581 et
1544 1541 1545 1560 ¹

355 1628 488 1688 particulis
509 1626 597 1686 plores
617 1627 729 1687 linguae,
750 1627 787 1674 oti
806 1640 900 1688 graeca
919 1632 943 1676 et
962 1629 1042 1676 latina
1060 1641 1118 1676 oum
1136 1627 1205 1688 aliis,
1227 1628 1367 1690 abundant,
1387 1629 1472 1675 onnus

356 1720 488 1766 semitiora
514 1730 600 1764 eorum
628 1719 737 1776 penuria
765 1718 891 1768 laborant.
927 1717 1052 1768 Similiter
1078 1719 1246 1780 pronomina,
1278 1719 1302 1765 si
1330 1717 1474 1778 personalia

355 1810 485 1869 excipias,
503 1820 584 1867 penes
603 1806 715 1854 Semitas
735 1809 810 1855 valde
827 1809 956 1857 defectiva
976 1809 1159 1872 inveniuntur,
1179 1809 1306 1858 voeabula
1323 1820 1389 1856 voro
1408 1820 1475 1855 som·

354 1902 456 1960 posita,
476 1904 579 1959 praeter
597 1898 701 1946 nomina
719 1899 836 1960 propria,
859 1899 893 1946 iia
912 1901 969 1948 tere
988 1912 1096 1960 prorsus
1118 1901 1221 1960 desunt,
1243 1913 1294 1960 quo
1312 1898 1352 1962 ut,
1373 1904 1404 1947 ut
1420 1900 1474 1960 plu·

353 2005 396 2040 rea
415 1991 597 2050 expressiones
617 1993 722 2038 nostru
740 2003 800 2050 eg.
820 1992 995 2050 arundine,
1015 1992 1226 2048 llebtsobeu,
1245 1989 1474 2046 himmelblaa,

356 2081 465 2142 singulis
485 2079 602 2128 terminis
621 2080 732 2128 reddere
752 2095 803 2128 non
822 2083 935 2132 valeant.

310 2167 335 2235 8)
356 2175 409 2220 liae
428 2173 503 2218 inre
522 2184 554 2218 ne
574 2171 714 2230 inlingnia
733 2173 835 2231 quidem
854 2176 933 2236 magis
954 2175 1072 2236 cognatis
1098 2174 1249 2224 discrimina
1273 2173 1334 2234 plus
1362 2172 1476 2220 minuare

356 2265 466 2312 subtilia
484 2264 578 2309 deesse
597 2264 692 2318 solent,
721 2264 758 2310 ita
776 2269 805 2311 ut
823 2277 910 2313 earnm
929 2267 1113 2326 expressiones
1132 2269 1160 2314 et
1177 2267 1276 2313 turmae
1295 2266 1420 2326 analogae
1437 2275 1475 2310 m·

355 2356 459 2403 rioaime
479 2353 548 2400 inter
566 2367 596 2401 se
616 2354 692 2414 plana
711 2355 865 2403 conveniant
884 2360 909 2403 et
929 2356 980 2402 sibi
999 2359 1185 2418 respondeant.
1208 2358 1281 2416 Quod
1293 2357 1474 2404 translationes

354 2445 489 2492 verborum
508 2445 616 2506 attinet,
637 2457 669 2490 ex
687 2448 779 2492 natura
796 2447 835 2493 rei
854 2449 1007 2508 praesertim
1027 2449 1131 2508 linguae
1150 2447 1290 2496 orientales
1309 2451 1336 2495 et
1355 2447 1474 2494 assiden-

356 2538 422 2586 tales
442 2537 469 2582 in
489 2537 592 2584 diversa
609 2534 714 2583 manni.

309 2623 335 2696 ⁸)
355 2630 415 2687 lpas
434 2639 535 2688 quoqne
554 2626 685 2686 idiomata,
716 2639 780 2688 quae
804 2631 891 2678 aetate
916 2642 963 2678 sua
988 2641 1066 2680 aurea
1084 2631 1200 2680 eximiam
1217 2631 1355 2690 puritatem
1374 2640 1409 2676 ae
1426 2626 1475 2674 ela·
1547 2627 1548 2630 ’

356 2719 465 2780 gantiam
484 2717 707 2778 praeseferebant,
734 2731 798 2766 aero
824 2721 940 2782 sequiori
965 2721 1177 2782 expressionibus
1195 2733 1225 2770 aa
1242 2717 1474 2782 significationibus

357 2811 465 2858 exoticis
485 2821 514 2856 ao
534 2809 672 2857 deterioris
691 2812 768 2857 notae
786 2811 858 2859 valde
878 2816 1002 2872 corrupta
1021 2813 1194 2860 inveniuntur.
1214 2811 1334 2872 Exemplo
1353 2811 1475 2856 sintene-

356 2907 429 2949 tores
449 2900 640 2959 Hebraeorum,
662 2900 817 2950 Graecorum
837 2915 867 2950 aa
887 2905 1035 2950 Latinorum
1055 2905 1147 2952 aetatis
1168 2903 1311 2951 interioris.

310 3005 336 3069 5)
355 3011 431 3058 Prior
449 3011 516 3057 ratio
536 3013 682 3057 structurae
701 3011 883 3071 grammaticae
902 3013 929 3058 in
948 3011 1066 3072 pluribus
1085 3013 1232 3072 linguarum
1253 3012 1396 3071 stirpibus,
1418 3020 1474 3066 aa·

357 3114 466 3162 graeca,
494 3101 593 3161 indica,
619 3101 750 3159 posterior
769 3103 796 3148 in
816 3103 933 3150 semitioa
952 3103 1177 3164 praedominatur,
1205 3103 1266 3151 lieet
1285 3115 1367 3162 neque
1387 3103 1415 3148 in
1432 3101 1474 3146 bac

357 3195 443 3241 desint
460 3193 548 3254 plora,
568 3192 606 3240 uti
624 3194 731 3253 ploratis
750 3195 848 3241 tractus
868 3194 997 3255 Arabum,
1017 3197 1044 3241 et
1063 3197 1160 3242 lormae
1177 3193 1297 3242 verbales
1316 3195 1344 3240 et
1361 3193 1474 3239 nomina·

357 3287 395 3334 lea
422 3285 534 3335 omnium
553 3283 724 3341 Semitarum,
750 3297 817 3346 qnae
842 3285 875 3334 sd
899 3285 1012 3345 priorem
1038 3285 1135 3334 reterri
1161 3283 1265 3336 debent.
1302 3282 1375 3332 coat.
1396 3283 1428 3332 0·
1447 3279 1474 3326 θ·

357 3378 484 3435 Antan,
504 3376 630 3440 versam,
649 3377 695 3424 das
715 3375 1277 3437 auverldaairateUntersabeidungsaeloban
1296 3375 1343 3424 der
1361 3374 1474 3422 orienta-

358 3467 457 3516 lisohsn
476 3467 528 3514 nnd
547 3467 780 3515 occidentalisabon
801 3467 933 3528 §praeben
952 3480 985 3515 aa
1004 3467 1156 3516 enideolren.
1175 3467 1282 3528 balpaig
1294 3465 1371 3513 stat.

313 3569 338 3637 ο)
358 3575 403 3624 Sto
422 3588 446 3624 e.
466 3588 492 3635 g.
514 3574 625 3637 (irasci,
646 3574 782 3639 Germani,
802 3578 924 3638 multique
942 3578 985 3625 alii
1005 3575 1139 3657 articulum
1158 3587 1206 3635 pro
1225 3573 1379 3623 diversitate
1399 3581 1474 3633 gene·

358 3701 410 3767 ris,
430 3704 530 3754 numeri
550 3716 580 3752 ao
600 3715 703 3754 ossuum
721 3704 869 3770 declinant,
889 3709 979 3758 eontra
997 3648 1043 3791 :ji
1059 3703 1171 3756 mabam
1188 3702 1260 3754 altat
1277 3699 1324 3752 tiu¹
1339 3699 1474 3764 daphnon

361 3826 542 3882 indeclinabile
563 3835 612 3882 est.

315 3929 339 4005 ἵ)
360 3941 574 4003 Quemadmodum
594 3939 697 4003 linguae
717 3940 841 3994 asiaticae
860 3943 1004 4006 generatim
1024 3945 1099 4004 eopia
1117 3942 1295 4006 pronominum
1306 3938 1474 4002 personalium

361 4047 390 4082 as
410 4029 585 4096 distinguunt,
614 4035 649 4084 lta
669 4034 781 4084 Semitae
800 4048 856 4084 oum
876 4037 997 4098 Graecia,
1024 4037 1122 4086 Latinis
1142 4040 1168 4083 et
1186 4033 1319 4082 Germanis
1339 4027 1473 4090 comparati

360 4125 517 4188 singularem
535 4129 666 4187 qnamdam
686 4130 712 4175 in
731 4129 778 4174 hoo
797 4141 827 4174 re
846 4131 986 4176 ubertatem
1005 4133 1032 4175 et
1049 4129 1199 4176 varietatem
1219 4126 1366 4184 ostendunt,
1387 4123 1472 4181 utpote

360 4219 523 4280 pronominis
543 4220 667 4282 separati
684 4223 711 4266 et
729 4218 825 4282 suffiri
842 4225 868 4268 et
886 4221 913 4268 in
932 4221 1045 4271 secunda
1064 4231 1094 4266 oo
1113 4219 1193 4266 tertia
1212 4227 1327 4277 persona
1345 4207 1473 4262 masculini

361 4323 461 4372 qnoque
480 4315 506 4358 et
524 4310 639 4357 seminini
657 4312 785 4370 speciales
806 4312 906 4360 toronae
924 4310 1066 4370 trabentess
1086 4316 1177 4358 eontra
1195 4307 1281 4368 quoad
1296 4305 1397 4366 reliqna
1412 4313 1471 4362 pro·

362 4402 465 4448 nomina
484 4402 524 4447 bis
544 4403 620 4461 longe
639 4403 778 4452 interiores
797 4408 866 4449 sunt.

316 4505 342 4575 Β)
362 4513 450 4573 Quoad
467 4510 662 4574 formationem
680 4512 759 4561 verbi
775 4513 894 4562 diversae
913 4511 1016 4571 inguae
1034 4510 1197 4570 potissimum
1218 4517 1325 4558 numero
1344 4517 1374 4556 ao
1394 4501 1471 4552 raris·

362 4608 416 4652 tate
435 4605 655 4667 coniurationum,
683 4605 815 4657 modorum
841 4616 872 4654 ao
897 4607 1040 4670 temporum
1061 4602 1208 4668 diversunt.
1245 4599 1290 4648 Sic
1309 4612 1332 4648 e.
1352 4608 1379 4660 a.
1401 4590 1471 4643 rerba
