3120 5294
1212 441 1287 515 ror
1394 530 1396 536 ,

103 618 278 704 immigrare
296 619 454 697 licuisset,
479 620 534 682 sed
551 619 706 702 inspicere
727 618 857 684 velimus
875 617 1122 698 Orientalismos,
1147 637 1202 680 seu
1220 615 1285 678 lle·

99 723 251 788 hraismos
268 727 298 788 in
316 747 408 788 sensu
425 727 540 804 latiori,
557 749 630 792 vere
648 733 850 792 occurrentes
866 727 898 790 in
914 726 1014 802 libris,
1029 745 1161 806 quorum
1177 724 1283 808 lingua

100 835 268 918 indaganda
286 855 490 917 occupamur,
515 835 644 917 primam
669 856 705 897 ex
728 836 786 898 hac
803 834 1054 897 consideratione
1072 833 1282 896 subsidiorum

100 942 228 1006 classem
250 964 311 1005 non
333 943 609 1005 subministrabunt
633 943 754 1028 linguae
780 941 957 1018 orientales,
978 942 1032 1002 sed
1049 941 1155 1022 potius
1170 959 1285 1025 graeca

99 1050 166 1132 illa,
192 1071 271 1132 quae
291 1048 529 1112 Orientalismos
549 1051 615 1112 fors
642 1056 787 1134 receptos
811 1049 962 1112 historice
978 1048 1164 1127 manifestat,
1189 1068 1285 1131 quae-

99 1180 156 1241 que
188 1159 220 1220 in
254 1157 418 1239 operibus,
458 1159 505 1221 uti
536 1158 659 1237 dicunt,
703 1157 967 1242 hebraissantihus
995 1177 1051 1220 scu
1079 1156 1285 1221 hellenisticis

100 1265 271 1328 exhibetur.

186 1376 389 1456 Quapropter
415 1373 581 1456 primarius
604 1372 674 1435 iens
698 1394 773 1437 usus
797 1373 975 1450 orientalis,
1008 1374 1061 1455 qui
1085 1374 1117 1436 in
1142 1372 1231 1435 libris
1255 1392 1281 1434 s.

97 1481 280 1564 Scripturae
301 1481 424 1566 graecis
446 1481 610 1559 invenitur,
633 1481 699 1543 sine
722 1481 938 1546 controversia
961 1481 1021 1544 erit
1047 1485 1160 1545 versio
1176 1491 1236 1543 τῶν
1254 1483 1282 1556 d,

98 1589 181 1671 cujus
205 1589 342 1653 indolem
363 1591 395 1672 §.
423 1590 475 1653 36.
505 1593 585 1652 nott.
614 1589 711 1652 1-4.
735 1590 862 1651 uberius
888 1590 1096 1674 exposuimus.
1130 1589 1174 1650 lla
1202 1589 1283 1649 enim

98 1699 301 1762 Alexandriae
329 1719 347 1760 a
376 1696 504 1760 ludaeis
536 1697 680 1760 conlecta
702 1696 894 1760 Hebraismis
919 1703 1058 1776 scatens,
1091 1703 1121 1760 et
1144 1695 1220 1758 licet
1243 1698 1280 1758 ab

98 1807 255 1869 erroribus
279 1827 340 1868 non
362 1804 477 1883 libera,
501 1804 836 1882 aPalaestinensibus,
861 1811 895 1868 ut
914 1806 952 1867 ab
974 1805 1193 1889 Aegyptiacis,
1223 1803 1281 1866 Ju-

100 1915 182 1976 daeis
211 1914 382 2000 diligenter
408 1913 488 1974 lecta
511 1916 629 1974 tantam
651 1913 872 1975 auctoritatem
901 1917 992 1974 nacta
1019 1916 1082 1989 cst,
1111 1917 1145 1974 ut
1171 1910 1283 1973 Judaei

97 2023 290 2104 sequentium
309 2027 485 2102 temporum
502 2039 566 2082 eam
593 2041 650 2083 ceu
668 2041 790 2083 sacrum
809 2021 964 2102 exemplar
980 2025 1168 2103 spectarent,
1186 2039 1204 2080 a
1221 2039 1283 2102 quo

94 2131 157 2194 lere
177 2153 361 2214 numquam,
386 2151 444 2192 nec
468 2129 500 2190 in
523 2129 608 2192 vitiis
633 2129 767 2214 quidem,
793 2131 1015 2206 discesserunt,
1041 2135 1071 2192 et
1096 2129 1185 2210 cujus
1209 2147 1286 2188 ana-

94 2241 203 2326 logiam
222 2242 317 2320 ctiam
333 2241 364 2302 in
388 2239 475 2302 novis
500 2238 627 2322 scriptis
651 2238 809 2323 religiosis
826 2239 1012 2322 sequendam
1036 2260 1105 2302 esse
1121 2243 1282 2323 putarunt,

94 2351 136 2412 ita
151 2356 185 2412 ut
201 2351 280 2414 haec
296 2348 399 2410 versio
417 2368 474 2430 pro
491 2351 590 2409 matre
605 2346 728 2431 linguae
744 2368 875 2430 graecae
891 2348 1125 2429 hebraissantis‚
1143 2348 1284 2410 nomina-

94 2459 146 2520 tim
163 2457 246 2542 ejus,
275 2477 354 2538 quae
376 2455 409 2518 in
431 2475 456 2517 s.
483 2455 649 2538 Scriptura
673 2459 723 2518 est
739 2457 844 2535 obvia,
869 2457 976 2519 haberi
998 2457 1118 2539 possit,
1144 2460 1176 2518 et
1204 2476 1283 2537 quae

95 2589 150 2650 pro
174 2567 269 2650 hujus
292 2565 396 2628 studio
417 2585 453 2626 cx
477 2585 513 2628 ea
528 2566 743 2643 innotescunt,
768 2565 881 2628 merito
898 2565 1073 2628 certissima
1089 2570 1282 2628 censeantur.

179 2675 227 2738 Ad
244 2673 377 2737 eundem
400 2669 491 2734 finem
516 2672 632 2752 aliquid
659 2671 821 2735 conferunt
838 2673 947 2752 etiam,
971 2692 1049 2753 quae
1065 2671 1184 2754 pariter
1199 2671 1281 2734 idio-

96 2787 173 2844 mate
199 2801 317 2866 graeco
344 2779 415 2863 plus
442 2779 579 2840 minusve
608 2779 820 2842 hebraissante
848 2779 985 2862 scriptae
1014 2783 1086 2840 sunt
1109 2781 1282 2842 versiones

93 2891 251 2972 Aquilae,
294 2887 482 2969 Symmachi
508 2891 541 2949 et
566 2888 819 2965 Theodolionis,
859 2887 971 2967 quibus
989 2887 1163 2970 junguntur
1187 2887 1282 2948 trium

96 2998 231 3076 aliarum,
249 3017 330 3078 quac
347 2997 492 3058 dicuntur
508 2997 559 3057 lV.
573 2998 608 3057 V.
628 3002 659 3057 ct
675 2997 737 3076 Vl.,
754 2995 942 3079 fragmenta,
967 3015 1043 3076 quas
1061 3014 1166 3056 omnes
1181 2994 1214 3072 S.
1227 2993 1282 3060 36.

96 3111 168 3168 nota
184 3107 215 3168 5.
233 3105 344 3189 paucis
361 3103 597 3188 designavimus.
1152 3115 1155 3123 ’

315 3362 341 3426 §.
360 3357 399 3416 tl.
416 3358 481 3420 iluld
498 3356 628 3414 commodi
644 3358 783 3416 versiones
800 3357 889 3414 uiae
905 3356 1080 3428 praestanti,

180 3543 226 3604 Ex
243 3542 338 3605 dictis
354 3542 445 3604 facile
462 3543 633 3627 colligitur,
650 3541 810 3604 versiones
826 3547 863 3602 A.
879 3541 918 3602 Τ.
940 3559 1069 3624 graecas
1093 3558 1151 3622 pro
1174 3538 1279 3600 studio

93 3648 237 3730 loquendi
266 3669 356 3728 usus,
383 3651 421 3712 de
449 3670 511 3732 quo
529 3653 588 3713 hoe
615 3651 686 3712 loco
714 3671 816 3712 sermo
845 3653 909 3732 est,
934 3647 1061 3734 egregia
1077 3646 1282 3710 emolumenta

92 3761 259 3840 praebere,
284 3778 363 3840 quae
386 3760 424 3822 ad
447 3760 609 3840 sequentia
629 3759 813 3844 praesertim
834 3758 946 3822 referri
963 3761 1112 3842 possunt:

182 3871 213 3930 1.
230 3867 382 3930 Universe
398 3869 533 3930 indolem
550 3869 673 3953 linguae
689 3869 974 3952 hebraeo-graecae
991 3871 1022 3928 et
1046 3865 1284 3928 Orientalismos

92 3978 155 4036 tum
183 3975 333 4038 lexicales
367 3981 432 4038 tum
450 3977 681 4062 'grammaticos
713 3999 750 4040 ac
785 3976 978 4059 syntactieos
1009 3973 1041 4035 in
1073 3975 1142 4056 ipsa
1175 3974 1284 4035 obvios

97 4081 211 4146 docent
226 4073 268 4168 ²).
682 4061 685 4068 Ι

182 4195 214 4255 2.
234 4191 377 4254 Obscura
393 4192 603 4256 dilucidantur
617 4193 757 4274 facilius,
777 4213 852 4254 ‘cum
870 4195 977 4275 pateat
996 4209 1143 4253 recursus
1159 4189 1198 4250 ad
1212 4189 1282 4250 lon·

92 4300 154 4360 tem
177 4298 375 4376 hebraicum,
398 4301 425 4361 si
443 4321 572 4384 graeca,
600 4321 679 4383 quae
695 4301 849 4364 hebraicis
873 4299 1080 4380 respondent,
1106 4317 1167 4358 non
1189 4296 1284 4357 intel-

92 4403 206 4473 lexeris
223 4403 267 4489 ²).

182 4520 214 4579 3.
241 4516 285 4577 Se
308 4521 414 4578 mutuo
431 4517 591 4580 illustrant
614 4517 851 4596 translationes,
878 4539 946 4578 cum
971 4519 1025 4578 aut
1047 4513 1152 4577 eadem
1176 4511 1280 4570 versio

96 4623 263 4686 obscurum
289 4625 470 4688 vocabulum
500 4625 574 4688 alibi
603 4625 718 4688 clarius
748 4629 895 4707 exponat,
928 4627 980 4685 aut
1008 4642 1066 4682 una
1095 4616 1196 4678 versio
1225 4637 1282 4697 pro
