3092 5286
1250 437 1328 514 213

143 615 188 681 N.
204 609 399 681 Testamenti
415 617 617 698 praeparata,
642 612 716 696 quin
741 614 802 677 hac
823 611 1004 677 introducta
1019 609 1106 675 utilis
1124 601 1195 678 esse
1212 614 1332 678 desinat

143 725 198 810 (S.
228 723 339 812 134),
364 745 422 808 pro
455 725 493 786 Α.
521 720 671 786 Foederis
699 721 803 786 studio
832 727 943 806 spoute
970 721 1133 806 sequentia
1163 721 1332 786 corollaria

144 835 359 898 deducuntur:
1251 811 1254 820 ’

236 944 268 1006 1.
293 940 467 1004 Considera
496 940 528 1002 iu
554 938 686 1002 diversis
720 941 757 1001 Α.
786 939 820 1002 ll.
844 938 1106 1022 dispositionibus
1134 938 1330 1020 prudentiam

144 1050 298 1134 divinam,
339 1068 417 1134 quae
446 1048 585 1111 suaviter
611 1067 647 1110 ae
681 1047 856 1131 sapienter,
894 1047 1017 1110 ratione
1051 1046 1193 1131 inprimis
1226 1046 1333 1111 habita

144 1158 310 1244 religionis
338 1158 441 1222 omnia
466 1157 623 1220 hominum
649 1156 714 1220 lata
740 1156 893 1239 disponit,
928 1157 1010 1220 uude
1038 1155 1131 1219 etiam
1159 1153 1274 1220 fiducia
1299 1154 1332 1218 in

144 1267 243 1331 Deum
260 1268 342 1331 haud
357 1287 466 1350 parum
484 1265 609 1329 roboris
626 1265 826 1330 nanciscitur.

236 1379 268 1441 2.
293 1373 467 1438 Considera
483 1371 643 1456 providam
659 1373 792 1436 numinis
809 1373 904 1436 divini
920 1393 1041 1452 curam,
1067 1393 1146 1455 quae
1170 1372 1332 1457 stupendis

143 1485 218 1548 hinc
241 1484 313 1546 inde
336 1483 455 1561 modis,
480 1503 507 1545 c.
523 1503 554 1568 g.
578 1482 760 1566 captivitate
778 1487 809 1546 et
832 1483 1028 1567 dispersione
1050 1481 1240 1546 ludaeorum
1257 1471 1351 1566 perss.

141 1592 309 1656 tectiorem
341 1591 417 1656 lesu
449 1589 633 1676 religionem
660 1590 876 1674 praeparavit,
911 1590 1041 1675 ejusque
1069 1591 1331 1655 introductionem

143 1699 282 1764 reddidit
296 1699 481 1763 faciliorem.

234 1811 268 1875 3.
293 1807 467 1872 Considera
482 1807 674 1887 relationem,
684 1828 763 1892 quae
778 1807 862 1870 iuter
874 1809 911 1871 Α.
925 1810 957 1872 et
968 1806 1010 1870 N.
1022 1806 1172 1871 Foederis
1189 1807 1334 1870 instituta

143 1917 328 1997 intercedit,
353 1938 423 1980 cum
447 1917 510 1980 sint
532 1915 618 1980 illius
639 1915 870 2000 praedictiones
898 1914 930 1977 in
952 1917 1013 1978 hcc
1041 1918 1184 1978 eventum
1211 1918 1334 1996 nactae,

143 2027 282 2092 obscura
308 2025 380 2090 luee
407 2025 586 2108 illustrata,
622 2023 807 2108 imperfecta
831 2024 869 2087 ad
896 2023 1122 2108 perlectionem
1152 2023 1234 2088 omni
1262 2023 1333 2086 loco

144 2138 177 2198 et
193 2132 331 2216 tempori
347 2136 448 2216 aptam
464 2133 626 2215 perducta.

243 2243 276 2307 h.
301 2239 475 2306 considere
491 2241 626 2323 demum,
645 2261 723 2326 quae
739 2241 778 2304 ad
791 2241 1043 2324 quadruplicem,
1062 2261 1152 2326 quern
1167 2241 1282 2304 Paulus
1296 2239 1334 2304 ll.

144 2348 232 2414 Tim.
248 2349 307 2432 lll,
325 2351 380 2416 16.
397 2368 465 2433 sqq.
481 2349 631 2432 proponit
645 2347 757 2430 linem,
782 2369 818 2412 ex
835 2350 871 2412 Α.
886 2348 920 2411 p,
938 2350 1073 2414 haurias.

480 2551 509 2618 §-
525 2547 573 2608 un
588 2548 625 2608 lte
640 2549 787 2609 athima
802 2550 829 2607 ll.
845 2550 870 2610 l.
886 2549 1005 2608 cumdio.

237 2699 324 2777 Quae
346 2696 401 2778 ss.
422 2697 609 2766 135-136.
631 2701 797 2783 proposita
820 2699 965 2778 luerunt,
988 2699 1056 2764 sole
1074 2695 1333 2785 clariussdemou-

142 2809 263 2884 strant,
286 2805 461 2890 scriptores
472 2806 512 2870 N.
528 2807 566 2870 Τ.
589 2807 715 2888 penitus
737 2807 901 2892 ignorasse
926 2807 1100 2885 eonsilium,
1130 2827 1237 2871 omues
1259 2805 1334 2871 fidei

143 2915 335 2979 christianae
360 2915 521 2978 doctrinas
536 2935 720 2999 morumque
736 2921 905 3000 praecepta
919 2915 952 2978 in
967 2915 1059 2978 libris
1076 2916 1142 2978 suis
1157 2917 1335 2998 deponendi

142 3023 281 3106 indeque
296 3023 389 3105 proin
409 3023 594 3106 completam
611 3022 776 3107 religionis
793 3023 988 3107 disciplinam
1006 3023 1072 3086 erni
1089 3023 1212 3086 minime
1228 3043 1336 3106 posse.

141 3131 237 3194 hicet
253 3152 347 3211 vero,
371 3153 438 3196 cum
463 3151 516 3195 res
538 3131 584 3195 ita
604 3151 639 3196 se
654 3131 809 3212 habeant,
835 3137 935 3196 totam
965 3131 1128 3199 doctrinae
1157 3131 1332 3194 catholicae

143 3261 260 3324 corpus
272 3241 303 3303 in
314 3240 354 3303 N.
367 3241 403 3302 F.
415 3241 534 3305 trustra
551 3239 733 3322 quaesieris,
749 3240 883 3324 plurima
897 3245 1001 3304 tameo
1018 3261 1055 3303 ex
1068 3240 1139 3322 ipso
1157 3241 1334 3324 depromes,

142 3349 172 3412 si
185 3369 244 3432 pro
261 3347 359 3432 ipsius
376 3349 509 3412 consilio
525 3353 744 3433 perscrutatus
759 3349 877 3414 tueris:

237 3459 266 3521 1.
282 3459 331 3522 An
358 3461 390 3522 et
418 3459 574 3541 quomodo
599 3459 684 3522 iacta
706 3458 739 3520 in
764 3458 865 3542 ipsius
886 3457 974 3520 libris
1003 3456 1147 3540 exposita
1167 3477 1226 3540 pro
1255 3477 1334 3520 nova

142 3563 299 3648 religione
316 3565 460 3650 egerint?

235 3677 266 3738 2.
284 3674 365 3752 Quid
381 3674 514 3760 siugulis
530 3673 685 3738 doctrinis
701 3676 889 3738 eredendum
902 3676 1093 3761 agendumve
1110 3675 1297 3738 mandetur?

233 3785 267 3848 3.
284 3783 332 3845 hu
349 3784 511 3848 doctrinae
526 3783 783 3868 propositaejam
800 3785 832 3847 in
847 3786 930 3848 Μ’.
949 3785 1012 3848 siut
1029 3789 1204 3863 contentae,
1221 3783 1334 3846 saltem

140 3890 364 3971 adumbratae,
382 3897 414 3956 et
429 3891 460 3954 in
478 3914 539 3976 quo
556 3894 726 3978 perfectior
742 3893 782 3957 N.
800 3894 834 3957 ll.
852 3895 940 3957 notio
958 3894 1135 3958 consistat?

232 3997 264 4061 h.
277 4001 363 4078 Quae
379 4001 496 4062 motiva
518 4003 550 4062 et
567 4001 753 4067 adminicula
780 4001 907 4065 virtutis
929 3999 1140 4084 perficiendae
1155 4001 1332 4078 tradantur,

142 4126 225 4190 quac
253 4106 366 4170 solatia
391 4128 450 4190 pro
478 4114 527 4172 tot
553 4110 652 4172 omnis
668 4111 807 4195 generis,
835 4108 948 4192 quibus
974 4106 1119 4172 homines
1142 4107 1337 4193 affliguntur,

139 4213 279 4277 miseriis
297 4235 314 4277 c
330 4215 430 4278 sacris
446 4216 569 4301 paginis
585 4221 757 4301 petantur?

232 4323 263 4388 5.
280 4322 410 4386 Densum
428 4323 501 4408 quid
525 4325 696 4408 exemplum
712 4331 743 4389 et
760 4325 872 4410 agendi
888 4325 970 4389 ratio
988 4322 1164 4390 Salvatoris
1183 4323 1331 4386 aliarum-

140 4451 208 4514 quc,
218 4450 423 4512 personarum
440 4453 498 4496 nos
515 4431 699 4520 doceat‘lil)

164 4555 193 4621 ⁴)
213 4561 329 4621 Quantus
342 4561 536 4608 utilissimarum
551 4563 758 4610 observationum
770 4563 1091 4622 tnesauruacouigereton
1106 4559 1132 4606 sl
1146 4573 1168 4605 s.
1181 4557 1332 4617 Scriptura·

212 4653 240 4697 Α.
261 4656 288 4700 et
309 4653 340 4698 N.
361 4651 389 4698 F.
405 4653 516 4700 studium
534 4654 580 4701 tali
601 4654 744 4702 intentione
763 4657 790 4701 ct
814 4652 899 4700 debita
919 4654 1049 4713 diligentia
1071 4655 1261 4712 perageretur,
1284 4646 1331 4692 ob-
