3112 5284
266 419 346 492 276

266 599 340 656 runt
364 591 597 656 immutabilem.
633 588 722 652 Unde
750 610 807 652 nec
830 589 892 672 ipsi
908 591 1139 667 Protestautes,
1164 589 1218 672 qni
1241 590 1368 654 sincere
1390 610 1453 652 sese

264 701 433 783 subjiciunt
445 697 518 762 lidei
532 697 732 777 christianae,
750 717 829 779 quse
845 697 876 760 in
896 717 931 760 se
948 717 1073 780 semper
1089 699 1196 761 eadem
1212 705 1328 776 manet,
1348 719 1367 760 a
1379 698 1451 783 jugo

265 809 385 875 Christi
397 807 488 871 liberi
498 811 580 888 suut,
590 811 701 888 utpote
710 805 951 868 immutabilibus
961 805 1060 888 ipsius
1070 807 1248 890 praeceptis
1258 807 1406 870 adstricti
1418 806 1453 891 ¹).

355 923 386 984 2.
412 915 448 979 Si
465 915 638 979 auctoritas
655 913 827 990 Ecclesiae,
844 919 940 997 prout
957 934 1140 996 persuasum
1157 915 1248 978 uobis
1266 920 1329 994 est,
1350 935 1453 977 revera

263 1048 301 1091 ex
316 1025 514 1090 institutione
531 1023 630 1106 ipsius
647 1021 822 1088 Salvatoris
850 1042 991 1086 normam
1020 1022 1293 1106 interpretationis
1321 1024 1451 1086 biblicae

265 1134 441 1215 coustituit,
466 1134 543 1198 baec
558 1133 597 1196 ab
614 1131 757 1196 omnibus
770 1129 960 1194 Christianis
978 1132 1086 1196 eodem
1103 1131 1204 1195 auimo
1221 1132 1283 1196 erit
1300 1132 1455 1216 recipien-

264 1245 322 1321 da,
347 1262 409 1324 quo
432 1241 509 1304 alias
531 1239 756 1322 dispositiones
774 1239 894 1302 divinas
913 1239 1057 1321 recipere
1074 1240 1218 1304 convenit
1234 1242 1277 1324 ¹).

354 1354 386 1418 3.
410 1351 474 1434 lpsi
487 1350 704 1411 Protestantes
720 1346 842 1432 legibus
853 1347 1111 1411 llermcueuticac
1128 1347 1369 1426 universalibus,
1387 1349 1453 1425 imo,

262 1459 323 1524 nisi
346 1459 563 1523 rationalismo
591 1453 790 1542 indulgentes
816 1453 1037 1518 revelationem
1053 1455 1243 1520 materialem
1268 1477 1306 1518 ac
1323 1456 1453 1541 inspira-

264 1569 382 1632 tionem
399 1563 594 1650 respuerint,
618 1562 828 1648 peculiaribus
846 1564 956 1642 ctiam,
981 1585 1017 1628 cx
1034 1563 1135 1628 diviua
1149 1565 1340 1649 scripturae
1358 1565 1455 1651 origi·

265 1699 303 1740 ne
321 1674 487 1757 derivatis,
511 1673 688 1738 libertatem
705 1692 791 1736 suam
808 1671 974 1754 subjiciant
991 1676 1141 1756 oportcta
1166 1673 1193 1736 si
1215 1674 1308 1736 nobis
1327 1673 1454 1758 insuper

262 1784 373 1869 regula
389 1803 426 1846 ex
441 1781 603 1846 Ecclesiae
621 1779 795 1844 catholicae
820 1777 882 1842 lide
898 1781 1045 1859 addatur,
1070 1781 1145 1862 quid
1161 1783 1240 1844 adeo
1262 1783 1454 1863 querendum

262 1893 351 1956 crit‘l
375 1889 486 1955 Nonne
503 1911 574 1954 mox
590 1889 661 1952 iude
677 1889 714 1951 ab
732 1887 853 1972 origiue
870 1887 915 1950 sic
933 1888 1034 1950 dictae
1050 1887 1286 1951 reformationis
1304 1891 1456 1971 usquead

263 2001 437 2063 Semlerum
455 2019 562 2061 omues
586 1997 653 2060 lere
670 1997 891 2060 l'rotestautes
917 2017 978 2058 uuo
1008 2015 1064 2059 ore
1086 1995 1292 2079 interpretem
1310 1997 1455 2062 biblicum

262 2109 424 2172 Ecclesiae
440 2105 501 2171 lide
518 2105 619 2170 teneri
636 2103 780 2167 dixerunt
797 2099 859 2189 ²)‘l

350 2221 381 2284 ts.
405 2215 620 2300 Magisteriunr
636 2233 712 2278 vero
737 2211 899 2276 Ecclesiae
929 2232 966 2274 eo
993 2213 1130 2297 gratiori
1159 2215 1323 2297 suscipere
1352 2218 1452 2278 animo

264 2330 412 2408 oportet,
449 2343 510 2406 quo
536 2321 714 2406 exoptatior
741 2326 791 2384 est
818 2321 850 2383 iu
877 2325 963 2383 tauta
990 2341 1016 2384 s.
1046 2321 1229 2405 Scripturae
1255 2324 1452 2388 obscuritate

261 2434 410 2517 quaedam
426 2431 573 2500 lucerna,
596 2449 675 2513 quae
691 2430 839 2491 tenebras
862 2427 976 2493 lumine
999 2449 1056 2491 suo
1074 2429 1241 2494 collustret
1256 2425 1298 2516 *).

350 2541 381 2603 5.
406 2538 607 2621 Experientia
624 2537 709 2619 ipsos
723 2519 940 2600 l'rotestautes
958 2539 1079 2617 docuit,
1105 2558 1166 2621 quo
1186 2546 1327 2623 spretum
1340 2541 1452 2604 Eccle-

260 2649 326 2712 siae
352 2648 523 2712 catholicae
545 2647 759 2734 Magisterium
784 2653 816 2708 et
839 2645 978 2728 privatus
1006 2647 1202 2730 Scriptorum
1223 2647 1452 2732 interpretandi
1546 2661 1547 2670 ¹

260 2757 391 2838 spiritus
420 2757 595 2820 illimitatus
623 2757 792 2840 perducat,
825 2775 893 2818 cum
921 2754 989 2818 lere
1014 2755 1175 2835 nesciant,
1206 2756 1280 2840 quid
1307 2761 1449 2840 credaut,

259 2865 370 2950 quidve
386 2866 417 2928 iu
440 2864 500 2928 lide
517 2871 649 2950 negant,
674 2863 775 2948 quid?
800 2864 882 2944 qood
906 2861 1032 2946 plurimi
1055 2883 1161 2926 eorum
1184 2885 1306 2928 ornnem
1329 2868 1452 2930 revela·

259 2981 320 3038 tam
337 2974 522 3059 religionem
539 2991 672 3055 prorsus
689 2970 863 3053 abjecerint
879 2975 921 3055 ⁵).
955 2970 1055 3034 Nobis
1071 2978 1175 3034 autern
1190 2973 1354 3038 Ecclesiae
1374 2978 1447 3040 doc-

258 3083 342 3146 triua
366 3089 415 3146 est
431 3083 581 3162 anchora,
606 3081 731 3162 quaein
755 3077 945 3141 necessariis
961 3079 1112 3143 fluctuare
1136 3103 1197 3144 uon
1222 3082 1319 3164 sinit,
1344 3083 1378 3146 in
1396 3087 1450 3146 du-

257 3193 319 3254 biis
334 3214 428 3274 vero,
453 3198 485 3256 et
502 3211 580 3276 quae
597 3189 636 3252 ad
653 3189 764 3274 dogma
781 3209 841 3250 nou
857 3187 1033 3272 pertinent,
1056 3187 1232 3254 libertatem
1257 3190 1451 3276 iuterpreta-

259 3300 356 3364 tiouis
372 3300 506 3364 biblicae
528 3320 589 3362 nou
612 3297 743 3380 impedit
759 3286 803 3383 ⁸).
834 3297 868 3358 lu
890 3296 1080 3361 necessariis
1098 3298 1323 3383 interpretatio
1339 3308 1451 3366 nostra

260 3430 320 3470 nou
343 3408 442 3490 ipsius
464 3405 648 3488 interpretis
672 3405 796 3468 humaui
816 3404 1061 3490 intelligentiae,
1084 3407 1140 3469 sed
1163 3407 1284 3470 divinae
1311 3409 1450 3492 Spiritus

259 3518 358 3578 sancti
373 3513 542 3578 directioni
567 3513 722 3592 inuititur,
748 3517 780 3575 et
795 3512 887 3594 proin
906 3532 1024 3576 summa
1039 3516 1172 3578 veritate
1188 3517 1317 3600 gaudet.

351 3626 381 3686 ti.
407 3623 548 3706 Denique
574 3621 692 3684 exortis
709 3621 747 3684 de
775 3620 910 3706 geuuiuo
939 3641 964 3684 s.
982 3621 1168 3706 Scripturas
1197 3645 1290 3687 seusu
1320 3635 1450 3692 coutro-
1546 3591 1547 3643 l

257 3733 370 3793 versiis
388 3732 540 3814 judicium
557 3729 718 3792 Ecclesiae
735 3729 909 3792 catholicae
933 3734 982 3793 cst
998 3729 1088 3812 plane
1112 3734 1337 3796 necessarium.
1377 3737 1451 3798 Ete-

259 3842 319 3902 nim
335 3841 500 3921 Scriptura
515 3839 600 3920 ipsa,
617 3838 657 3901 ad
673 3837 762 3920 cujus
784 3837 921 3902 tribuual
942 3839 1177 3920 Protestautes,
1201 3840 1224 3902 ii
1241 3841 1376 3921 saltem,
1401 3843 1451 3927 qui

259 3948 480 4012 auctoritatem
496 3947 646 4010 librorum
663 3946 907 4030 symbolicorum
924 3955 1139 4027 excusserunt,
1166 3971 1287 4028 omues,
1314 3971 1396 4034 quae
1414 3954 1451 4014 de

260 4063 348 4124 recta
365 4055 453 4120 illius
469 4055 677 4140 intelligentia
699 4055 899 4136 exoriuntur,
924 4053 998 4118 lites
1021 4061 1185 4135 revocant,
1203 4056 1304 4140 judex
1327 4069 1450 4124 mortua

260 4173 319 4244 est,
344 4185 423 4248 quac
439 4185 497 4226 uec
515 4163 675 4248 litigantes
694 4163 819 4244 audire,
844 4184 901 4224 uec
919 4163 1107 4226 senteutiam
1122 4166 1228 4229 dicere
1245 4167 1351 4232 valeat
1368 4172 1409 4250 7).

286 4345 310 4410 ¹)
330 4351 383 4398 llac
402 4350 434 4396 de
452 4361 481 4395 re
501 4349 551 4406 legi
573 4349 685 4392 meretur
710 4345 794 4401 liber,
823 4345 864 4404 qut
895 4345 975 4392 verbs
1007 4345 1105 4393 Ghrlstl
1131 4347 1221 4394 blattb.
1251 4349 1303 4410 xl,
1332 4353 1379 4398 29.
1409 4353 1451 4398 tlt.

332 4453 424 4500 graece
445 4441 470 4486 tu
494 4439 580 4484 bonta
601 4435 686 4487 hebet.
706 4432 804 4503 Ἄρατε
822 4431 867 4483 τὸν
886 4432 966 4500 ζυγόν
983 4431 1019 4498 μῦ
1032 4431 1078 4501 dp'
1090 4429 1159 4501 ὑμᾶς
1181 4451 1206 4486 κ.
1223 4452 1248 4486 τ.
1266 4435 1293 4488 λ,
1326 4441 1394 4490 stne
1411 4443 1450 4489 pte

332 4531 524 4589 Symbotlecbeu
541 4528 640 4574 ltdctrsr
660 4528 701 4573 etn
722 4527 788 4574 doch
813 4528 857 4572 mr
879 4528 919 4574 dte
935 4525 1009 4588 frete
1025 4529 1202 4587 evangoltscbe
1222 4531 1341 4580 Kirehet
1371 4546 1451 4594 gagen

328 4627 377 4670 den
392 4620 688 4670 Oberconstotortslratb
710 4619 883 4677 Bdsclrtng
911 4619 1065 4666 untersucbt
1087 4631 1136 4666 rou
1155 4619 1351 4682 Wetteuget
1373 4626 1449 4670 tren.
