3112 5284
1202 403 1279 484 321

86 579 218 642 minare
236 576 286 664 ¹),
312 599 433 643 necnon
458 577 608 642 librorum
634 599 813 660 sacrorum,
837 601 918 665 quos
935 582 1213 650 circumlocutione
1235 585 1284 648 di·

84 688 285 770 lucidnrnui,
310 689 458 770 quaedam
481 686 622 771 exempla
646 688 720 752 dare
738 688 883 778 juvat¹).

128 811 155 876 1)
177 819 408 878 Paraphrastarum
438 815 635 865 Catholicoram
661 821 817 880 praeprimis
846 819 993 868 nominandi
1016 823 1135 869 ridentur
1153 819 1283 880 Gaspar

168 909 329 956 Sanctius
349 914 375 955 et
393 909 531 956 'ihomas
550 908 580 956 is
598 909 713 966 Blanc,
734 913 777 971 qui
796 913 823 958 in
837 913 892 959 suia
907 914 1029 971 operibus
1044 913 1192 973 exegeticis,
1211 915 1282 960 inira

168 1000 195 1059 s.
216 1001 278 1046 237.
300 1004 361 1047 ncta
383 1001 407 1049 i.
424 1001 570 1057 recensitis,
591 1000 715 1048 librorum
734 1003 763 1049 V.
780 1003 810 1049 Τ.
830 1003 1002 1062 potissimum,
1023 1004 1048 1048 in
1069 1017 1133 1063 qnos
1153 1017 1283 1051 commen-

166 1092 214 1136 tati
233 1094 307 1150 sunt,
333 1092 505 1150 paraphrases
528 1105 633 1150 quoque
661 1091 803 1152 dederunt,
831 1091 889 1136 dein
909 1091 981 1138 Des.
1001 1093 1159 1138 Erasmus
1180 1093 1282 1140 licte-

166 1182 321 1226 rodamua
342 1183 373 1228 et
391 1181 585 1228 Dominicus
605 1181 641 1226 da
660 1181 849 1238 Brentano,
880 1194 986 1240 quorum
1003 1182 1078 1240 prior
1098 1186 1204 1242 praeter
1222 1196 1283 1230 ver·

166 1271 265 1316 sionem
292 1271 396 1317 latinam
426 1284 457 1318 ex
481 1274 553 1319 textu
581 1270 721 1330 originario
746 1271 894 1317 adornatam
921 1267 960 1334 (ς.
981 1272 1043 1319 210.
1070 1277 1123 1319 not.
1143 1273 1169 1319 2.
1194 1274 1226 1320 Α.
1245 1274 1281 1334 a.)

166 1361 323 1421 paraphrasi
351 1361 439 1415 latina,
468 1359 600 1420 posterior
625 1365 729 1420 praeter
753 1360 897 1407 versionem
925 1363 1110 1422 germanicam,
1130 1365 1231 1423 pariter
1249 1377 1281 1410 ex

166 1453 239 1496 textu
263 1463 356 1510 graeco
384 1451 478 1496 iactam
503 1451 658 1512 paraphrasi
681 1451 827 1511 germanica
845 1455 871 1498 et
890 1452 1094 1499 annotationibus
1115 1451 1197 1516 (coni.
1217 1454 1282 1500 inira

166 1540 265 1599 §.2³7.
285 1545 341 1588 not.
353 1540 393 1600 5.)
413 1541 497 1588 Biblia
515 1542 548 1588 N.
560 1541 588 1588 Τ.
602 1542 758 1600 illustravit,
778 1541 888 1600 denique
909 1541 1134 1588 Deruardinus
1154 1557 1169 1588 a
1188 1543 1282 1590 Pico·

167 1631 238 1690 nic,
258 1630 301 1690 qni
321 1632 346 1676 iu
366 1643 414 1678 suo
433 1642 512 1690 opere
531 1632 672 1692 exegitico,
701 1630 778 1677 etiam
802 1631 869 1676 inira
888 1629 912 1690 ς.
932 1631 994 1677 237.
1013 1634 1068 1677 not.
1087 1633 1114 1677 b.
1133 1631 1282 1678 adducenda

165 1721 335 1780 epistolarum
353 1734 377 1768 s.
391 1721 465 1768 Pauli
483 1726 589 1780 praeter
608 1721 731 1780 analyaim
750 1724 777 1768 et
796 1721 1004 1767 commentarium
1023 1723 1201 1782 paraphrasim
1215 1735 1281 1781 quo-

166 1825 217 1871 que
236 1812 345 1859 exhibet.

235 1903 309 1962 Quod
326 1903 496 1951 Acotboia'cos
515 1903 628 1958 attinet,
648 1901 672 1949 J.
692 1902 718 1949 J.
737 1903 822 1948 iisse
843 1887 967 1962 prolixior
985 1905 1042 1962 eal,
1070 1905 1098 1950 et
1116 1903 1280 1950 commenta·

162 1992 263 2038 tcrihus
283 1993 390 2052 potins,
418 2005 493 2052 qnam
516 1993 695 2052 paraphrastic
724 1993 919 2052 adnumeratur,
945 1993 971 2039 J.
991 1994 1023 2038 Α.
1043 1993 1211 2052 Cramer,
1237 1994 1282 2052 qui

161 2081 278 2130 Psalmcs
297 2085 507 2143 circumscripsit,
528 2088 554 2132 et
566 2084 591 2129 J.
607 2083 635 2130 S.
650 2083 792 2144 Semler,
812 2083 856 2144 qni
874 2085 1046 2144 paraphrases
1066 2085 1093 2130 ln
1113 2085 1281 2144 Evangelium

161 2169 270 2220 loannis
290 2178 317 2220 et
335 2176 425 2234 plures
446 2175 570 2234 epistolas
589 2173 710 2221 Paulines
731 2178 757 2222 et
770 2175 914 2222 catholicas
929 2174 1019 2236 edidit,
1038 2174 1117 2222 muita
1134 2176 1219 2222 aliena
1238 2175 1280 2220 lu-

163 2263 263 2324 ierunt,
284 2269 311 2311 et
329 2265 494 2313 obscuriores
514 2265 751 2326 deprehenduntur.
1035 2251 1040 2262 ³

117 2347 147 2414 ³)
167 2353 279 2400 Primum
291 2357 434 2414 exemplum
447 2357 482 2403 sit
495 2369 525 2404 ex
537 2357 634 2404 Psalmi
648 2356 702 2404 DX.
713 2355 800 2417 (Vuig.
815 2351 896 2418 clii.)
906 2357 1021 2404 sectione
1033 2358 1121 2417 priore
1131 2371 1138 2403 ε
1147 2355 1238 2417 „Vera
1256 2358 1280 2404 1.

161 2443 230 2490 Dixit
248 2445 371 2492 Dominus
390 2446 498 2492 Domino
517 2458 590 2493 meos
611 2445 678 2494 Sede
697 2461 713 2493 a
729 2447 841 2494 dexteris
856 2447 929 2508 mels,
948 2447 1031 2494 donec
1049 2460 1142 2506 ponam
1161 2448 1278 2494 inimicos

160 2537 221 2582 tuos
242 2535 606 2596 scabellumpedumtuorum.
622 2538 653 2586 V.
667 2539 692 2585 3.
709 2538 813 2598 virgam
831 2539 936 2586 rimatis
955 2539 1016 2584 luae
1036 2539 1138 2585 emittat
1154 2539 1278 2586 Dominus

162 2637 194 2671 ex
212 2624 285 2684 Sion,
305 2627 435 2672 dominare
455 2627 482 2672 ln
501 2627 585 2674 medio
603 2628 765 2675 inimicorum
783 2631 897 2675 tuorum.
917 2627 948 2674 V·
965 2629 990 2674 3.
1012 2627 1107 2674 'lecum
1124 2628 1279 2687 principium

161 2716 188 2760 iu
207 2715 250 2762 dis
267 2715 370 2762 virtutis
389 2718 450 2764 tuae
468 2718 496 2763 in
514 2715 699 2777 splendoribus
719 2716 889 2763 Sanctornms
914 2729 947 2763 ex
970 2722 1044 2765 utero
1063 2721 1124 2763 ante
1143 2719 1278 2764 lucilerum

102 2797 104 2806 ’
161 2805 240 2865 renui
257 2808 294 2854 lc.
311 2806 340 2852 V.
360 2807 385 2853 i.
403 2807 506 2854 durarit
523 2809 657 2864 Dominus,
677 2811 705 2854 et
722 2819 773 2853 non
792 2807 936 2866 poenitebit
953 2819 1024 2854 eum:
1044 2807 1083 2853 'iu
1101 2820 1131 2855 aa
1148 2807 1277 2854 Sacerdos

161 2887 188 2941 in
206 2898 341 2944 aeternnm
361 2898 502 2945 secundum
521 2898 638 2944 ordinem
657 2897 879 2944 biclchisedech.”
908 2899 979 2956 Quae
998 2897 1049 2943 duo
1067 2897 1279 2959 complectuntur,

163 2987 249 3045 primo
268 2987 400 3034 christum
418 3001 478 3036 esse
497 2999 596 3049 regem,
616 2989 729 3035 secundo
748 3001 808 3034 esse
828 2988 1001 3035 sacerdotem.

234 3077 304 3124 llaec
323 3078 359 3124 lta
377 3079 528 3139 paraphrasi
546 3080 677 3139 eloquitur
695 3078 831 3125 'ihomas
850 3077 882 3122 la
899 3076 1018 3123 Dianct

232 3167 282 3224 „V.
296 3170 320 3214 l.
331 3169 401 3216 Deua
412 3169 504 3226 Pater,
523 3181 612 3217 rerum
631 3169 743 3216 omnium
754 3169 878 3215 Dominus
895 3167 959 3213 dixit
974 3166 1083 3212 Domino
1101 3179 1158 3212 meo
1172 3167 1277 3213 christo

161 3257 194 3304 tie
203 3259 288 3303 morte
297 3258 480 3317 triumphanti,
500 3263 526 3306 et
541 3259 829 3319 postreaurrectionem
839 3257 865 3303 in
875 3258 964 3304 coelos
980 3255 1108 3302 evolantis
1128 3257 1276 3303 Nunctam-

162 3359 213 3407 pus
231 3349 286 3407 est,
306 3351 335 3394 ut
352 3348 444 3395 sedeas
462 3361 478 3396 a
496 3349 594 3396 dextris
611 3349 692 3408 meis,
711 3351 738 3394 et
754 3360 818 3408 prae
837 3347 982 3395 hominihus
998 3343 1028 3394 'et
1045 3346 1144 3405 engada
1162 3347 1277 3394 elevatus

161 3438 296 3497 aequalem
315 3449 415 3484 mecum
432 3439 459 3484 in
475 3438 560 3485 omnia
575 3439 733 3497 potestatem
752 3449 889 3495 exerceas,
909 3439 993 3485 donec
1008 3435 1117 3495 singuiis
1136 3437 1231 3484 seculis
1251 3439 1277 3483 in

159 3532 188 3574 te
199 3531 398 3588 'consurgentes
413 3529 505 3576 hostes
526 3531 644 3584 atteram
661 3529 806 3576 attendam
822 3539 911 3576 omnes
929 3529 956 3574 in
974 3527 1016 3572 dia
1034 3527 1188 3574 universalia
1204 3527 1276 3586 ludi·

160 3619 196 3664 cii
216 3619 269 3666 tuis
286 3617 395 3679 pedibus
412 3620 562 3679 advolvam,
586 3621 615 3665 ut
632 3630 678 3665 eos
702 3619 769 3679 pede
787 3621 927 3680 proteres,
945 3617 1046 3678 tibique
1067 3617 1151 3664 instar
1169 3619 1276 3666 scabelli

161 3709 295 3768 subjicias.

232 3800 263 3844 V.
273 3801 298 3848 e.
308 3799 443 3858 sceptrum
452 3802 525 3847 tuum
539 3810 587 3858 ego
598 3798 723 3846 Dominus
739 3799 800 3848 tuus
816 3799 964 3860 reaiamoue
973 3800 1129 3859 potestatem
1147 3799 1174 3844 in
1184 3811 1276 3846 omnes

162 3889 235 3936 orbis
258 3891 377 3938 nationes
410 3891 559 3950 proteram,
578 3890 636 3936 dato
654 3902 670 3936 a
685 3889 851 3950 ierosolyma
873 3890 965 3949 initio,
993 3890 1020 3936 ln
1046 3889 1088 3936 die
1106 3888 1276 3938 Pentecosten

158 3981 272 4028 demisso
290 3981 317 4028 in
336 3981 473 4040 Apostolos
494 3978 595 4039 Spiritu
617 3985 723 4028 sanctos
742 3985 771 4030 tn
788 3983 831 4029 vei
848 3982 959 4030 hostium
982 3978 1122 4028 suanorum
1140 3981 1173 4026 in.
1194 3981 1276 4028 medio

161 4071 319 4120 damnatam
338 4069 474 4129 obtinebis,
488 4070 560 4118 idola
577 4072 734 4132 proterens,
753 4076 875 4122 evertens
894 4073 1033 4131 haereses,
1052 4074 1163 4130 tuosque
1182 4083 1275 4118 servos

158 4161 253 4220 gaudio
271 4161 408 4221 gloriaque
425 4162 567 4209 cumulans.

234 4251 265 4302 V.
279 4251 306 4299 3.
317 4251 389 4298 Nunc
408 4251 435 4298 ia
453 4251 502 4298 hac
521 4251 563 4298 die
582 4249 757 4298 coronationis
775 4252 845 4308 tuac,
861 4250 960 4310 gloriae
978 4253 1005 4298 et
1022 4249 1161 4308 potestatis
1177 4247 1275 4306 princi-

161 4343 237 4400 patus
255 4344 317 4388 tuus
336 4341 483 4401 apparebit,
494 4342 520 4387 in
538 4341 682 4401 principum
700 4340 854 4388 coelestium
874 4353 972 4388 corona
983 4339 1103 4387 aeternis
1119 4336 1197 4382 radiis
1211 4335 1275 4380 emi-

161 4433 246 4477 cante.
267 4430 317 4477 iiic
336 4431 403 4478 enirn
421 4431 469 4478 tibi
488 4431 646 4491 principatus
665 4429 767 4478 debitus
788 4434 849 4486 est,
872 4442 930 4478 cnm
948 4430 986 4478 sis
1007 4427 1073 4476 lilius
1092 4427 1274 4488 meusnnige·

162 4521 245 4576 nitus,
269 4533 300 4566 ex
322 4531 380 4568 mea
398 4520 544 4570 substantia
561 4521 632 4568 velut
655 4535 687 4570 ex
709 4522 783 4568 utero
803 4521 834 4568 ab
854 4521 920 4570 omni
938 4522 1008 4568 retro
1027 4517 1199 4574 aeternitate,
1218 4519 1277 4560 anie

165 4611 248 4658 solem
267 4622 416 4670 omnemque
434 4611 509 4660 aliam
527 4615 674 4660 creaturam
693 4611 841 4669 productus.

125 4721 211 4763 iierm.
230 4718 330 4766 biblica.
349 4721 378 4766 11.
1024 4716 1055 4762 ai
