3190 5290
214 409 277 533 Ι12

225 593 354 654 acturus
370 587 413 668 id,
430 588 515 674 quud
530 586 676 669 intendit,
693 587 916 672 consequatur.
938 586 1041 666 Quum
1052 581 1118 670 jem
1133 585 1343 670 interpretem
1361 605 1420 652 cu·

219 696 321 780 jussis
338 696 492 762 orationis
515 695 639 760 modum
654 694 817 778 respicere
833 699 996 777 oporteat,
1023 715 1097 780 quo,
1115 694 1169 780 qui
1184 693 1334 779 scripsit,
1359 715 1419 778 pro

223 805 421 892 generalibus
438 804 597 892 cogitandi
614 825 651 868 ac
667 802 815 888 loquendi
826 802 1006 886 praeceptis
1021 803 1060 867 ad
1075 801 1161 868 illius
1177 803 1347 888 specialem
1364 804 1416 869 iu·

225 913 328 980 dolem
344 914 511 998 applicatis
523 913 668 980 notiones
681 931 754 976 suas
770 916 874 976 mente
890 912 1073 995 conceperit
1089 919 1122 976 et
1134 911 1266 978 eborum
1282 912 1314 977 in
1327 931 1418 977 usum

224 1023 330 1088 verbis
351 1022 544 1107 expresserit
561 1022 610 1107 (S.
630 1025 660 1088 1.
678 1026 744 1088 not.
762 1019 834 1107 2),
856 1020 968 1104 procul
985 1021 1080 1086 dubie
1097 1043 1159 1088 non
1176 1023 1278 1088 minue
1294 1021 1326 1086 in
1342 1041 1418 1086 sen·

225 1151 263 1195 sn
278 1130 396 1197 biblico
412 1132 550 1197 eruendo
566 1131 731 1195 videndum
749 1133 815 1211 est,
838 1128 951 1215 quibus
973 1131 1207 1196 conditionibus
1230 1129 1417 1195 adstrictum

225 1239 322 1305 inerit
339 1240 560 1306 commercium
582 1237 796 1304 intellectuale
818 1237 993 1321 scriptores
1014 1257 1125 1304 sacros
1147 1239 1231 1306 inter
1259 1244 1418 1304 eteorum

226 1349 376 1414 lectores.
392 1349 484 1430 Quod
500 1353 536 1412 ut
551 1347 757 1435 intelligatur,
779 1345 947 1432 diligenter
969 1347 1172 1414 considerare
1188 1347 1277 1432 juvat
1297 1368 1417 1415 sacro·

225 1479 301 1524 rum
314 1460 458 1524 indolem
472 1460 633 1526 librorum
647 1476 792 1541 prorsus
806 1458 1020 1540 sinpalarcm,
1045 1478 1117 1544 qna,
1141 1477 1211 1522 eum
1228 1479 1291 1522 non
1307 1457 1419 1522 buma-

227 1587 285 1632 nae
300 1573 422 1632 tautum
438 1569 495 1634 sed
511 1567 634 1632 divinae
655 1586 781 1652 qnoque
803 1563 866 1630 siut
888 1564 1031 1652 originis,
1056 1565 1094 1630 ab
1110 1565 1244 1651 ipsoque
1258 1565 1326 1632 Dee
1342 1585 1421 1649 pro·

226 1675 328 1741 lectas
350 1676 561 1742 revelationes
577 1674 746 1755 involvant,
768 1679 841 1739 toto
873 1674 963 1739 coelo
989 1674 1027 1738 ab
1049 1674 1193 1740 omnibns
1215 1674 1352 1740 caeteris
1375 1671 1419 1737 li·

227 1782 295 1849 bris
317 1784 445 1850 distant.

316 1893 385 1958 Nec
402 1913 481 1978 opus
499 1899 557 1976 est,
574 1900 610 1958 ut
624 1893 686 1958 boc
701 1893 774 1958 loco
791 1893 1051 1972 demonstremus,
1083 1911 1109 1955 s.
1132 1891 1330 1975 Scripturam
1347 1909 1421 1958 esse

228 2001 369 2070 codicem
380 2003 593 2083 revelationis,
605 2001 643 2067 ob
656 2000 839 2068 auctoribus
850 1999 1001 2066 diuinitus
1012 1997 1175 2083 inspiratis
1188 1999 1418 2086 consignatum,

229 2131 300 2176 cum
315 2111 348 2176 id
363 2110 611 2177 introductionis
625 2110 760 2176 biblicae
776 2115 809 2176 et
825 2107 1027 2196 ltogmatices
1043 2107 1255 2193 positionibus
1272 2108 1419 2194 explora-

227 2222 294 2284 tum
309 2219 363 2299 sit,
389 2224 420 2284 et
437 2219 622 2301 Catholicis,
650 2219 705 2304 qui
720 2219 917 2300 unanimiter,
945 2218 1097 2304 quidquid
1119 2218 1214 2284 etiam
1238 2217 1356 2306 singuli
1380 2219 1421 2282 de

228 2326 444 2411 inspirationis
466 2329 559 2393 mode
584 2347 621 2392 ac
644 2327 796 2392 limitibus
812 2327 965 2407 sentiant,
993 2327 1159 2412 utriusque
1174 2327 1291 2392 veteris
1306 2347 1421 2412 nempe

229 2441 261 2500 et
276 2435 350 2502 noui
365 2436 562 2503 Testamenti
586 2442 748 2502 auctorem
773 2457 866 2502 unum
882 2436 981 2500 Deum
996 2435 1112 2501 babent
1129 2435 1171 2523 ¹),
1188 2437 1419 2518 Pretestantes,

231 2545 260 2610 si
275 2544 481 2610 Naturalismi
497 2551 529 2612 et
544 2545 765 2613 Rationalismi
781 2549 958 2612 sectatores
976 2543 1124 2628 excipias,
1144 2545 1203 2610 bac
1220 2543 1251 2608 in
1267 2565 1304 2610 re
1320 2541 1419 2610 adsti-

229 2653 378 2738 pulantur
392 2649 435 2739 ³).

319 2762 395 2828 lude
410 2763 590 2828 necessario
605 2762 760 2849 sequitur,
776 2764 816 2830 ad
831 2762 1060 2829 elucubrandes
1077 2762 1177 2828 libros
1193 2782 1219 2828 e.
1237 2762 1424 2848 Scripturas

229 2872 392 2937 humanam
408 2876 441 2937 et
456 2871 590 2936 diuinam
597 2870 797 2955 conspirasse
812 2892 950 2956 operam.
974 2871 1036 2952 Qui
1052 2871 1115 2938 ista
1131 2871 1289 2937 volumina
1311 2892 1420 2937 exara-

229 2985 304 3047 runt
320 2980 505 3065 scriptores,
529 3001 566 3046 ea
590 2979 771 3067 aequalibus
793 2981 859 3047 suis
881 2982 1002 3066 scripta
1018 2999 1089 3046 esse
1114 2979 1300 3063 voluerunt3
1330 3001 1423 3066 quam

231 3089 272 3155 ob
288 3110 355 3156 rem
379 3095 414 3154 nt
430 3089 556 3176 penitus
572 3089 835 3178 intelligerentur,
861 3111 950 3156 mere
974 3109 1050 3156 suae
1065 3089 1179 3156 aetatis
1196 3111 1266 3155 cum
1282 3089 1346 3156 illis
1362 3111 1422 3155 no·

229 3199 336 3266 tiones
351 3217 425 3264 suas
442 3199 673 3266 communicare
688 3200 852 3284 debebant,
868 3199 971 3266 secuti
986 3197 1085 3288 leges,
1097 3197 1188 3284 juxta
1203 3219 1281 3287 quas
1299 3199 1423 3286 cogita·

141 3353 145 3366 ,
230 3307 361 3394 benum,
378 3314 414 3374 ut
430 3309 475 3374 ita
490 3309 641 3390 dicamus,
669 3310 891 3376 commercium
906 3307 979 3376 lieri
994 3309 1119 3376 solebat
1135 3329 1172 3376 ea
1188 3313 1306 3376 aetate.
1329 3309 1423 3390 Quid,

231 3419 317 3502 quod
333 3418 395 3502 ipsi
410 3418 478 3484 lieo
495 3438 521 3482 s.
538 3419 727 3502 Scripturas
743 3418 879 3503 principi
893 3418 1028 3498 auctori,
1058 3417 1191 3484 consilia
1207 3438 1265 3484 sue
1281 3440 1339 3503 per
1355 3405 1424 3483 eam

230 3524 407 3591 hominibus
424 3527 645 3606 manifestanti‚
662 3532 698 3590 ut
713 3526 751 3590 ab
768 3527 807 3589 iis
823 3526 1069 3614 intelligeretur,
1092 3527 1191 3614 leges,
1209 3527 1322 3614 quibus
1339 3527 1424 3592 istud

231 3635 457 3724 cogitationum
473 3635 557 3701 inter
584 3634 727 3700 homines
755 3635 976 3700 commercium
993 3637 1182 3718 continetur,
1205 3658 1266 3702 nou
1285 3635 1422 3726 migrare

231 3744 375 3829 placuit?
391 3737 423 3831 ⁸)
440 3743 561 3824 Quodsi
576 3765 651 3808 vero
668 3743 751 3809 ratio
770 3744 1017 3812 communicandi
1032 3746 1178 3812 notiones
1198 3743 1370 3812 communis
1387 3765 1424 3810 ac

231 3853 371 3942 vnlgmie
394 3853 488 3920 etiam
509 3854 548 3920 ab
570 3853 753 3918 auctoribus
775 3852 900 3920 biblicis
921 3860 1074 3939 usurpata
1093 3855 1170 3936 fuit,
1203 3875 1304 3939 prone
1336 3853 1424 3920 alveo

231 3962 303 4029 duit
319 3963 532 4045 corollarium,
548 3963 636 4050 leges
652 3963 881 4047 interpretandi
901 3963 1104 4045 universales,
1127 3983 1207 4050 quae
1229 3964 1262 4028 in
1284 3965 1422 4029 eruendo

232 4071 447 4160 cujuscunque
462 4072 536 4138 libri
553 4091 648 4138 sensu
662 4072 776 4152 valent,
805 4073 898 4138 etiam
922 4073 954 4136 in
978 4073 1161 4158 explicando
1184 4073 1295 4140 codice
1318 4092 1422 4152 sacro,

231 4184 324 4249 modo
341 4182 450 4269 utique
466 4183 496 4246 ei
512 4187 716 4269 congruente,
732 4181 932 4266 applicandas
949 4201 1030 4248 esse.

322 4290 414 4357 bicet
429 4291 469 4356 de
484 4290 532 4354 bis
557 4311 647 4356 neme
664 4289 796 4370 dubitet,
827 4313 891 4357 non
911 4291 1013 4356 minus
1037 4295 1140 4356 tamen
1163 4295 1284 4357 eertum
1301 4297 1361 4371 oet,
1390 4295 1423 4357 et

227 4395 294 4484 jam
310 4421 348 4466 ex
362 4399 567 4466 revelationis
582 4421 620 4465 ac
635 4398 871 4484 inspirationis,
899 4420 960 4485 qua
975 4397 1049 4464 libri
1065 4399 1149 4466 sacri
1166 4399 1301 4466 caeteris
1320 4399 1422 4466 omni·

231 4509 291 4576 bue
319 4514 491 4596 praestant,
519 4509 648 4576 notione
664 4529 701 4574 ae
717 4513 830 4575 natura
855 4507 967 4594 liquet,
993 4508 1148 4576 rationem
1176 4506 1424 4574 communicandi

232 4620 380 4688 notiones
406 4619 504 4687 iubis
520 4617 610 4688 libris
626 4617 779 4704 peculiari
804 4616 901 4684 divini
916 4615 1061 4684 Numinis
1082 4615 1243 4686 efficaciae
1266 4638 1305 4688 ac
1320 4617 1425 4686 direc-
