<?xml version="1.0" encoding="UTF-8"?>
<!DOCTYPE html PUBLIC "-//W3C//DTD XHTML 1.0 Transitional//EN"
    "http://www.w3.org/TR/xhtml1/DTD/xhtml1-transitional.dtd">
<html xmlns="http://www.w3.org/1999/xhtml" xml:lang="en" lang="en">
 <head>
  <title>
</title>
<meta http-equiv="Content-Type" content="text/html;charset=utf-8" />
  <meta name='ocr-system' content='tesseract 3.04.00' />
  <meta name='ocr-capabilities' content='ocr_page ocr_carea ocr_par ocr_line ocrx_word'/>
</head>
<body>
  <div class='ocr_page' id='page_1' title='image "./hermeneuticabib00kohlgoog_0030.png"; bbox 0 0 3190 5290; ppageno 0'>
   <div class='ocr_carea' id='block_1_1' title="bbox 223 581 1347 654">
    <p class='ocr_par' dir='ltr' id='par_1_1' title="bbox 223 581 1347 654">
     <span class='ocr_line' id='line_1_1' title="bbox 223 581 1347 654; baseline -0.004 -16"><span class='ocrx_word' id='word_1_1' title='bbox 223 586 392 638; x_wconf 74' lang='lat' dir='ltr'><strong>Banclier</strong></span> <span class='ocrx_word' id='word_1_2' title='bbox 418 587 439 637; x_wconf 82' lang='lat'><strong>1.</strong></span> <span class='ocrx_word' id='word_1_3' title='bbox 462 599 488 638; x_wconf 87' lang='lat' dir='ltr'><strong>r.</strong></span> <span class='ocrx_word' id='word_1_4' title='bbox 512 585 539 650; x_wconf 74' lang='grc' dir='ltr'><strong>ς.</strong></span> <span class='ocrx_word' id='word_1_5' title='bbox 565 587 592 638; x_wconf 84' lang='lat'><strong>¹.</strong></span> <span class='ocrx_word' id='word_1_6' title='bbox 610 596 637 634; x_wconf 82' lang='lat' dir='ltr'><strong>u·</strong></span> <span class='ocrx_word' id='word_1_7' title='bbox 657 585 686 638; x_wconf 74' lang='lat'><strong>2.</strong></span> <span class='ocrx_word' id='word_1_8' title='bbox 706 581 1225 654; x_wconf 69' lang='lat' dir='ltr'><strong>S.b.bt.b10rne,berouceaeet.</strong></span> <span class='ocrx_word' id='word_1_9' title='bbox 1246 582 1303 634; x_wconf 81' lang='lat' dir='ltr'><strong>vol.</strong></span> <span class='ocrx_word' id='word_1_10' title='bbox 1320 583 1347 640; x_wconf 82' lang='lat'><strong>1.</strong></span> 
     </span>
    </p>
   </div>
   <div class='ocr_carea' id='block_1_2' title="bbox 220 679 1354 1474">
    <p class='ocr_par' dir='ltr' id='par_1_2' title="bbox 224 679 521 742">
     <span class='ocr_line' id='line_1_2' title="bbox 224 679 521 742; baseline -0.01 -11"><span class='ocrx_word' id='word_1_11' title='bbox 224 681 345 742; x_wconf 71' lang='lat' dir='ltr'><strong>Prolegg.</strong></span> <span class='ocrx_word' id='word_1_12' title='bbox 364 680 408 729; x_wconf 76' lang='lat'><strong>11.</strong></span> <span class='ocrx_word' id='word_1_13' title='bbox 427 693 454 741; x_wconf 90' lang='lat' dir='ltr'><strong>p.</strong></span> <span class='ocrx_word' id='word_1_14' title='bbox 475 679 521 728; x_wconf 73' lang='lat'><strong>21.</strong></span> 
     </span>
    </p>

    <p class='ocr_par' dir='ltr' id='par_1_3' title="bbox 220 765 1354 1474">
     <span class='ocr_line' id='line_1_3' title="bbox 279 765 1347 834; baseline -0.003 -14"><span class='ocrx_word' id='word_1_15' title='bbox 279 773 377 834; x_wconf 73' lang='lat' dir='ltr'><strong>Quodsi</strong></span> <span class='ocrx_word' id='word_1_16' title='bbox 392 781 487 820; x_wconf 79' lang='lat' dir='ltr'><strong>rentur</strong></span> <span class='ocrx_word' id='word_1_17' title='bbox 502 779 526 818; x_wconf 85' lang='grc' dir='ltr'><strong>ι.</strong></span> <span class='ocrx_word' id='word_1_18' title='bbox 540 765 694 828; x_wconf 74' lang='lat' dir='ltr'><strong>Scriptores</strong></span> <span class='ocrx_word' id='word_1_19' title='bbox 703 765 864 828; x_wconf 73' lang='lat' dir='ltr'><strong>preponitur.</strong></span> <span class='ocrx_word' id='word_1_20' title='bbox 881 766 1071 829; x_wconf 64' lang='lat' dir='ltr'><strong>numerato</strong></span> <span class='ocrx_word' id='word_1_21' title='bbox 1080 767 1163 828; x_wconf 73' lang='lat' dir='ltr'><strong>auare,</strong></span> <span class='ocrx_word' id='word_1_22' title='bbox 1175 781 1241 829; x_wconf 71' lang='lat' dir='ltr'><strong>enee</strong></span> <span class='ocrx_word' id='word_1_23' title='bbox 1252 769 1347 818; x_wconf 84' lang='lat' dir='ltr'><strong>estrei</strong></span> 
     </span>
     <span class='ocr_line' id='line_1_4' title="bbox 224 858 1348 926; baseline -0.004 -11"><span class='ocrx_word' id='word_1_24' title='bbox 224 875 297 915; x_wconf 78' lang='lat' dir='ltr'><strong>ruere</strong></span> <span class='ocrx_word' id='word_1_25' title='bbox 315 863 445 926; x_wconf 65' lang='lat' dir='ltr'><strong>expositu</strong></span> <span class='ocrx_word' id='word_1_26' title='bbox 463 861 601 910; x_wconf 76' lang='lat' dir='ltr'><strong>verborum</strong></span> <span class='ocrx_word' id='word_1_27' title='bbox 620 858 772 920; x_wconf 79' lang='lat' dir='ltr'><strong>loquentis,</strong></span> <span class='ocrx_word' id='word_1_28' title='bbox 801 858 845 906; x_wconf 83' lang='lat' dir='ltr'><strong>rei</strong></span> <span class='ocrx_word' id='word_1_29' title='bbox 869 859 1019 906; x_wconf 82' lang='lat' dir='ltr'><strong>accuratior</strong></span> <span class='ocrx_word' id='word_1_30' title='bbox 1043 859 1189 922; x_wconf 75' lang='lat' dir='ltr'><strong>explanatio</strong></span> <span class='ocrx_word' id='word_1_31' title='bbox 1207 861 1348 925; x_wconf 64' lang='lat' dir='ltr'><strong>rationare,</strong></span> 
     </span>
     <span class='ocr_line' id='line_1_5' title="bbox 223 949 1349 1020; baseline -0.004 -16"><span class='ocrx_word' id='word_1_32' title='bbox 223 955 318 1020; x_wconf 73' lang='lat' dir='ltr'><strong>quibus</strong></span> <span class='ocrx_word' id='word_1_33' title='bbox 342 966 437 1006; x_wconf 78' lang='lat' dir='ltr'><strong>neurus</strong></span> <span class='ocrx_word' id='word_1_34' title='bbox 462 953 564 1014; x_wconf 70' lang='lat' dir='ltr'><strong>qnidam</strong></span> <span class='ocrx_word' id='word_1_35' title='bbox 588 950 660 1000; x_wconf 78' lang='lat' dir='ltr'><strong>eolus</strong></span> <span class='ocrx_word' id='word_1_36' title='bbox 684 949 812 1010; x_wconf 72' lang='lat' dir='ltr'><strong>genuinus</strong></span> <span class='ocrx_word' id='word_1_37' title='bbox 839 960 899 996; x_wconf 82' lang='lat' dir='ltr'><strong>esre</strong></span> <span class='ocrx_word' id='word_1_38' title='bbox 922 949 1058 1000; x_wconf 82' lang='lat' dir='ltr'><strong>erlaeltnr.</strong></span> <span class='ocrx_word' id='word_1_39' title='bbox 1085 949 1259 1018; x_wconf 64' lang='lat' dir='ltr'><strong>birtlngnttur</strong></span> <span class='ocrx_word' id='word_1_40' title='bbox 1286 965 1349 1002; x_wconf 84' lang='lat' dir='ltr'><strong>vero</strong></span> 
     </span>
     <span class='ocr_line' id='line_1_6' title="bbox 224 1038 1350 1108; baseline -0.004 -14"><span class='ocrx_word' id='word_1_41' title='bbox 224 1047 319 1108; x_wconf 84' lang='lat' dir='ltr'><strong>triplex</strong></span> <span class='ocrx_word' id='word_1_42' title='bbox 347 1045 546 1108; x_wconf 71' lang='lat' dir='ltr'><strong>interpretatio,</strong></span> <span class='ocrx_word' id='word_1_43' title='bbox 575 1053 667 1102; x_wconf 85' lang='lat' dir='ltr'><strong>nempe</strong></span> <span class='ocrx_word' id='word_1_44' title='bbox 697 1038 874 1095; x_wconf 76' lang='lat' dir='ltr'><strong>doctrinalis,</strong></span> <span class='ocrx_word' id='word_1_45' title='bbox 894 1040 969 1087; x_wconf 83' lang='lat' dir='ltr'><strong>etiem</strong></span> <span class='ocrx_word' id='word_1_46' title='bbox 988 1039 1139 1103; x_wconf 77' lang='lat' dir='ltr'><strong>artificialia</strong></span> <span class='ocrx_word' id='word_1_47' title='bbox 1169 1041 1254 1104; x_wconf 71' lang='lat' dir='ltr'><strong>utcu,</strong></span> <span class='ocrx_word' id='word_1_48' title='bbox 1285 1056 1350 1104; x_wconf 78' lang='lat' dir='ltr'><strong>qnae</strong></span> 
     </span>
     <span class='ocr_line' id='line_1_7' title="bbox 225 1129 1354 1198; baseline -0.003 -12"><span class='ocrx_word' id='word_1_49' title='bbox 225 1137 367 1192; x_wconf 80' lang='lat' dir='ltr'><strong>seeundum</strong></span> <span class='ocrx_word' id='word_1_50' title='bbox 386 1134 598 1184; x_wconf 81' lang='lat' dir='ltr'><strong>Hermeneutieee</strong></span> <span class='ocrx_word' id='word_1_51' title='bbox 617 1129 721 1192; x_wconf 70' lang='lat' dir='ltr'><strong>regulae</strong></span> <span class='ocrx_word' id='word_1_52' title='bbox 747 1130 779 1178; x_wconf 82' lang='lat' dir='ltr'><strong>ab</strong></span> <span class='ocrx_word' id='word_1_53' title='bbox 799 1133 942 1192; x_wconf 77' lang='lat' dir='ltr'><strong>interprete</strong></span> <span class='ocrx_word' id='word_1_54' title='bbox 961 1131 1067 1194; x_wconf 86' lang='lat' dir='ltr'><strong>proprio</strong></span> <span class='ocrx_word' id='word_1_55' title='bbox 1086 1131 1168 1180; x_wconf 75' lang='lat' dir='ltr'><strong>Marte</strong></span> <span class='ocrx_word' id='word_1_56' title='bbox 1186 1134 1354 1198; x_wconf 62' lang='lat' dir='ltr'><strong>institutore</strong></span> 
     </span>
     <span class='ocr_line' id='line_1_8' title="bbox 224 1209 1351 1289; baseline -0.002 -11"><span class='ocrx_word' id='word_1_57' title='bbox 224 1229 340 1288; x_wconf 65' lang='lat' dir='ltr'><strong>muoso,</strong></span> <span class='ocrx_word' id='word_1_58' title='bbox 371 1239 436 1289; x_wconf 84' lang='lat' dir='ltr'><strong>qnae</strong></span> <span class='ocrx_word' id='word_1_59' title='bbox 456 1223 664 1288; x_wconf 75' lang='lat' dir='ltr'><strong>expositionibus</strong></span> <span class='ocrx_word' id='word_1_60' title='bbox 683 1221 854 1284; x_wconf 76' lang='lat' dir='ltr'><strong>mtiqniornm</strong></span> <span class='ocrx_word' id='word_1_61' title='bbox 879 1223 1012 1281; x_wconf 72' lang='lat' dir='ltr'><strong>nabunt,</strong></span> <span class='ocrx_word' id='word_1_62' title='bbox 1038 1225 1064 1272; x_wconf 84' lang='lat' dir='ltr'><strong>et</strong></span> <span class='ocrx_word' id='word_1_63' title='bbox 1083 1223 1253 1284; x_wconf 57' lang='lat' dir='ltr'><strong>nutatim,</strong></span> <span class='ocrx_word' id='word_1_64' title='bbox 1282 1209 1351 1287; x_wconf 73' lang='lat' dir='ltr'><strong>quie</strong></span> 
     </span>
     <span class='ocr_line' id='line_1_9' title="bbox 220 1314 1348 1380; baseline 0 -14"><span class='ocrx_word' id='word_1_65' title='bbox 220 1317 250 1366; x_wconf 69' lang='lat' dir='ltr'><strong>tt</strong></span> <span class='ocrx_word' id='word_1_66' title='bbox 267 1320 299 1367; x_wconf 83' lang='lat' dir='ltr'><strong>ab</strong></span> <span class='ocrx_word' id='word_1_67' title='bbox 318 1321 377 1379; x_wconf 82' lang='lat' dir='ltr'><strong>ipsc</strong></span> <span class='ocrx_word' id='word_1_68' title='bbox 395 1319 518 1368; x_wconf 66' lang='lat' dir='ltr'><strong>annania</strong></span> <span class='ocrx_word' id='word_1_69' title='bbox 538 1320 652 1365; x_wconf 82' lang='lat' dir='ltr'><strong>anctore.</strong></span> <span class='ocrx_word' id='word_1_70' title='bbox 678 1314 752 1362; x_wconf 75' lang='lat' dir='ltr'><strong>conl.</strong></span> <span class='ocrx_word' id='word_1_71' title='bbox 764 1315 844 1364; x_wconf 76' lang='lat' dir='ltr'><strong>Andr.</strong></span> <span class='ocrx_word' id='word_1_72' title='bbox 857 1315 956 1364; x_wconf 78' lang='lat' dir='ltr'><strong>Bened.</strong></span> <span class='ocrx_word' id='word_1_73' title='bbox 975 1315 1180 1379; x_wconf 82' lang='lat' dir='ltr'><strong>ll&#39;ellnroeer,</strong></span> <span class='ocrx_word' id='word_1_74' title='bbox 1198 1318 1348 1380; x_wconf 68' lang='lat' dir='ltr'><strong>llnlaitnng</strong></span> 
     </span>
     <span class='ocr_line' id='line_1_10' title="bbox 224 1396 1220 1474; baseline -0.002 -14"><span class='ocrx_word' id='word_1_75' title='bbox 224 1412 251 1462; x_wconf 81' lang='lat' dir='ltr'><strong>iu</strong></span> <span class='ocrx_word' id='word_1_76' title='bbox 269 1411 312 1461; x_wconf 75' lang='lat' dir='ltr'><strong>tle</strong></span> <span class='ocrx_word' id='word_1_77' title='bbox 330 1411 434 1462; x_wconf 80' lang='lat' dir='ltr'><strong>Bicber</strong></span> <span class='ocrx_word' id='word_1_78' title='bbox 452 1411 498 1458; x_wconf 82' lang='lat' dir='ltr'><strong>dee</strong></span> <span class='ocrx_word' id='word_1_79' title='bbox 518 1408 550 1456; x_wconf 82' lang='lat' dir='ltr'><strong>N.</strong></span> <span class='ocrx_word' id='word_1_80' title='bbox 569 1408 599 1456; x_wconf 77' lang='grc' dir='ltr'><strong>Ι.</strong></span> <span class='ocrx_word' id='word_1_81' title='bbox 619 1407 651 1456; x_wconf 90' lang='lat' dir='ltr'><strong>ll.</strong></span> <span class='ocrx_word' id='word_1_82' title='bbox 671 1404 738 1455; x_wconf 71' lang='lat' dir='ltr'><strong>eall.</strong></span> <span class='ocrx_word' id='word_1_83' title='bbox 760 1396 872 1466; x_wconf 66' lang='lat' dir='ltr'><strong>&#39;l&#39;iib&#39;ing0</strong></span> <span class='ocrx_word' id='word_1_84' title='bbox 893 1406 974 1456; x_wconf 80' lang='lat'><strong>18³⁰.</strong></span> <span class='ocrx_word' id='word_1_85' title='bbox 993 1419 1053 1472; x_wconf 61' lang='lat' dir='ltr'><strong>pop⁴</strong></span> <span class='ocrx_word' id='word_1_86' title='bbox 1074 1409 1220 1474; x_wconf 68' lang='lat' dir='ltr'><strong>6201qu</strong></span> 
     </span>
    </p>
   </div>
   <div class='ocr_carea' id='block_1_3' title="bbox 463 1561 1042 1639">
    <p class='ocr_par' dir='ltr' id='par_1_4' title="bbox 463 1561 1042 1639">
     <span class='ocr_line' id='line_1_11' title="bbox 463 1561 1042 1639; baseline -0.003 -15"><span class='ocrx_word' id='word_1_87' title='bbox 463 1570 489 1639; x_wconf 80' lang='lat' dir='ltr'><strong>s.</strong></span> <span class='ocrx_word' id='word_1_88' title='bbox 508 1563 533 1624; x_wconf 80' lang='lat'><strong>2.</strong></span> <span class='ocrx_word' id='word_1_89' title='bbox 553 1561 664 1624; x_wconf 71' lang='lat' dir='ltr'><strong>binim</strong></span> <span class='ocrx_word' id='word_1_90' title='bbox 680 1561 899 1622; x_wconf 82' lang='lat' dir='ltr'><strong>llerneneutloae</strong></span> <span class='ocrx_word' id='word_1_91' title='bbox 919 1561 1042 1623; x_wconf 84' lang='lat' dir='ltr'><strong>biblicae.</strong></span> 
     </span>
    </p>
   </div>
   <div class='ocr_carea' id='block_1_4' title="bbox 143 1693 1352 3980">
    <p class='ocr_par' dir='ltr' id='par_1_5' title="bbox 150 1693 1351 1896">
     <span class='ocr_line' id='line_1_12' title="bbox 245 1693 1351 1784; baseline -0.001 -22"><span class='ocrx_word' id='word_1_92' title='bbox 245 1701 346 1780; x_wconf 80' lang='lat' dir='ltr'><strong>Quum</strong></span> <span class='ocrx_word' id='word_1_93' title='bbox 361 1698 469 1784; x_wconf 82' lang='lat' dir='ltr'><strong>itaque</strong></span> <span class='ocrx_word' id='word_1_94' title='bbox 485 1696 747 1764; x_wconf 88' lang='lat' dir='ltr'><strong>llermeneuticae</strong></span> <span class='ocrx_word' id='word_1_95' title='bbox 770 1697 903 1762; x_wconf 80' lang='lat' dir='ltr'><strong>biblicae</strong></span> <span class='ocrx_word' id='word_1_96' title='bbox 920 1698 973 1779; x_wconf 87' lang='lat' dir='ltr'><strong>sit,</strong></span> <span class='ocrx_word' id='word_1_97' title='bbox 991 1716 1018 1762; x_wconf 89' lang='lat' dir='ltr'><strong>s.</strong></span> <span class='ocrx_word' id='word_1_98' title='bbox 1034 1693 1233 1782; x_wconf 75' lang='lat' dir='ltr'><strong>scripturam</strong></span> <span class='ocrx_word' id='word_1_99' title='bbox 1249 1697 1351 1762; x_wconf 92' lang='lat' dir='ltr'><strong>inter·</strong></span> 
     </span>
     <span class='ocr_line' id='line_1_13' title="bbox 150 1806 1350 1896; baseline 0 -22"><span class='ocrx_word' id='word_1_100' title='bbox 150 1809 287 1895; x_wconf 80' lang='lat' dir='ltr'><strong>pretori,</strong></span> <span class='ocrx_word' id='word_1_101' title='bbox 311 1829 368 1871; x_wconf 87' lang='lat' dir='ltr'><strong>seu</strong></span> <span class='ocrx_word' id='word_1_102' title='bbox 385 1806 530 1890; x_wconf 87' lang='lat' dir='ltr'><strong>efficere,</strong></span> <span class='ocrx_word' id='word_1_103' title='bbox 556 1812 591 1872; x_wconf 89' lang='lat' dir='ltr'><strong>ut</strong></span> <span class='ocrx_word' id='word_1_104' title='bbox 615 1807 769 1876; x_wconf 84' lang='lat' dir='ltr'><strong>orationis</strong></span> <span class='ocrx_word' id='word_1_105' title='bbox 784 1808 919 1874; x_wconf 77' lang='lat' dir='ltr'><strong>biblicae</strong></span> <span class='ocrx_word' id='word_1_106' title='bbox 937 1809 985 1872; x_wconf 89' lang='lat' dir='ltr'><strong>vis</strong></span> <span class='ocrx_word' id='word_1_107' title='bbox 1010 1813 1233 1896; x_wconf 79' lang='lat' dir='ltr'><strong>cognoscatur,</strong></span> <span class='ocrx_word' id='word_1_108' title='bbox 1250 1813 1350 1894; x_wconf 85' lang='lat' dir='ltr'><strong>patet,</strong></span> 
     </span>
    </p>

    <p class='ocr_par' dir='ltr' id='par_1_6' title="bbox 147 1917 1352 2771">
     <span class='ocr_line' id='line_1_14' title="bbox 243 1917 1352 2006; baseline -0.002 -20"><span class='ocrx_word' id='word_1_109' title='bbox 243 1923 274 1986; x_wconf 93' lang='lat'><strong>1.</strong></span> <span class='ocrx_word' id='word_1_110' title='bbox 297 1918 482 2004; x_wconf 80' lang='lat' dir='ltr'><strong>interpretis</strong></span> <span class='ocrx_word' id='word_1_111' title='bbox 498 1940 561 1984; x_wconf 87' lang='lat' dir='ltr'><strong>non</strong></span> <span class='ocrx_word' id='word_1_112' title='bbox 580 1937 662 2000; x_wconf 85' lang='lat' dir='ltr'><strong>esse,</strong></span> <span class='ocrx_word' id='word_1_113' title='bbox 680 1920 873 2006; x_wconf 69' lang='lat' dir='ltr'><strong>olp&#39;cetioam</strong></span> <span class='ocrx_word' id='word_1_114' title='bbox 885 1917 1039 2002; x_wconf 84' lang='lat' dir='ltr'><strong>explorati</strong></span> <span class='ocrx_word' id='word_1_115' title='bbox 1055 1937 1167 1982; x_wconf 85' lang='lat' dir='ltr'><strong>sensus</strong></span> <span class='ocrx_word' id='word_1_116' title='bbox 1182 1922 1352 1986; x_wconf 83' lang='lat' dir='ltr'><strong>ceritatem</strong></span> 
     </span>
     <span class='ocr_line' id='line_1_15' title="bbox 154 2026 1351 2114; baseline -0.001 -21"><span class='ocrx_word' id='word_1_117' title='bbox 154 2029 337 2094; x_wconf 84' lang='lat' dir='ltr'><strong>examinare.</strong></span> <span class='ocrx_word' id='word_1_118' title='bbox 384 2027 570 2094; x_wconf 74' lang='lat' dir='ltr'><strong>satisfaciet</strong></span> <span class='ocrx_word' id='word_1_119' title='bbox 597 2027 722 2094; x_wconf 85' lang='lat' dir='ltr'><strong>omnino</strong></span> <span class='ocrx_word' id='word_1_120' title='bbox 750 2029 872 2094; x_wconf 87' lang='lat' dir='ltr'><strong>muneri</strong></span> <span class='ocrx_word' id='word_1_121' title='bbox 900 2048 975 2110; x_wconf 89' lang='lat' dir='ltr'><strong>suo,</strong></span> <span class='ocrx_word' id='word_1_122' title='bbox 1000 2029 1029 2093; x_wconf 88' lang='lat' dir='ltr'><strong>si</strong></span> <span class='ocrx_word' id='word_1_123' title='bbox 1056 2026 1217 2114; x_wconf 84' lang='lat' dir='ltr'><strong>effecerit,</strong></span> <span class='ocrx_word' id='word_1_124' title='bbox 1241 2035 1293 2110; x_wconf 89' lang='lat' dir='ltr'><strong>ut,</strong></span> <span class='ocrx_word' id='word_1_125' title='bbox 1316 2029 1351 2093; x_wconf 96' lang='lat' dir='ltr'><strong>in</strong></span> 
     </span>
     <span class='ocr_line' id='line_1_16' title="bbox 152 2135 1351 2226; baseline -0.002 -22"><span class='ocrx_word' id='word_1_126' title='bbox 152 2159 283 2226; x_wconf 80' lang='lat' dir='ltr'><strong>quorum</strong></span> <span class='ocrx_word' id='word_1_127' title='bbox 294 2139 492 2204; x_wconf 85' lang='lat' dir='ltr'><strong>commodum</strong></span> <span class='ocrx_word' id='word_1_128' title='bbox 503 2138 726 2222; x_wconf 82' lang='lat' dir='ltr'><strong>interpretatio</strong></span> <span class='ocrx_word' id='word_1_129' title='bbox 743 2135 791 2218; x_wconf 87' lang='lat' dir='ltr'><strong>lit,</strong></span> <span class='ocrx_word' id='word_1_130' title='bbox 805 2141 930 2206; x_wconf 82' lang='lat' dir='ltr'><strong>easdem</strong></span> <span class='ocrx_word' id='word_1_131' title='bbox 947 2139 1120 2204; x_wconf 83' lang='lat' dir='ltr'><strong>sententias</strong></span> <span class='ocrx_word' id='word_1_132' title='bbox 1131 2135 1263 2204; x_wconf 83' lang='lat' dir='ltr'><strong>vocibus</strong></span> <span class='ocrx_word' id='word_1_133' title='bbox 1275 2138 1351 2202; x_wconf 90' lang='lat' dir='ltr'><strong>libri</strong></span> 
     </span>
     <span class='ocr_line' id='line_1_17' title="bbox 151 2246 1351 2334; baseline -0.002 -20"><span class='ocrx_word' id='word_1_134' title='bbox 151 2248 237 2316; x_wconf 78' lang='lat' dir='ltr'><strong>sacri</strong></span> <span class='ocrx_word' id='word_1_135' title='bbox 263 2246 453 2332; x_wconf 85' lang='lat' dir='ltr'><strong>subjiciant,</strong></span> <span class='ocrx_word' id='word_1_136' title='bbox 482 2265 560 2334; x_wconf 85' lang='lat' dir='ltr'><strong>ques</strong></span> <span class='ocrx_word' id='word_1_137' title='bbox 586 2247 626 2312; x_wconf 86' lang='lat' dir='ltr'><strong>iis</strong></span> <span class='ocrx_word' id='word_1_138' title='bbox 650 2247 811 2331; x_wconf 85' lang='lat' dir='ltr'><strong>subjectas</strong></span> <span class='ocrx_word' id='word_1_139' title='bbox 839 2249 910 2334; x_wconf 87' lang='lat' dir='ltr'><strong>ipsc</strong></span> <span class='ocrx_word' id='word_1_140' title='bbox 934 2254 1047 2319; x_wconf 85' lang='lat' dir='ltr'><strong>auctor</strong></span> <span class='ocrx_word' id='word_1_141' title='bbox 1068 2269 1181 2316; x_wconf 86' lang='lat' dir='ltr'><strong>vocum</strong></span> <span class='ocrx_word' id='word_1_142' title='bbox 1197 2247 1351 2328; x_wconf 86' lang='lat' dir='ltr'><strong>voluerit,</strong></span> 
     </span>
     <span class='ocr_line' id='line_1_18' title="bbox 147 2356 1352 2444; baseline -0.002 -20"><span class='ocrx_word' id='word_1_143' title='bbox 147 2359 275 2443; x_wconf 79' lang='lat' dir='ltr'><strong>istoque</strong></span> <span class='ocrx_word' id='word_1_144' title='bbox 299 2361 392 2442; x_wconf 87' lang='lat' dir='ltr'><strong>pacto</strong></span> <span class='ocrx_word' id='word_1_145' title='bbox 412 2356 597 2442; x_wconf 79' lang='lat' dir='ltr'><strong>expediatur</strong></span> <span class='ocrx_word' id='word_1_146' title='bbox 620 2361 746 2426; x_wconf 63' lang='lat' dir='ltr'><strong>nemus</strong></span> <span class='ocrx_word' id='word_1_147' title='bbox 766 2361 1027 2440; x_wconf 61' lang='lat' dir='ltr'><strong>hermanarico,</strong></span> <span class='ocrx_word' id='word_1_148' title='bbox 1056 2378 1135 2444; x_wconf 89' lang='lat' dir='ltr'><strong>quae</strong></span> <span class='ocrx_word' id='word_1_149' title='bbox 1155 2379 1225 2426; x_wconf 87' lang='lat' dir='ltr'><strong>cum</strong></span> <span class='ocrx_word' id='word_1_150' title='bbox 1242 2357 1352 2441; x_wconf 88' lang='lat' dir='ltr'><strong>objec-</strong></span> 
     </span>
     <span class='ocr_line' id='line_1_19' title="bbox 148 2467 1349 2557; baseline -0.001 -24"><span class='ocrx_word' id='word_1_151' title='bbox 148 2469 235 2548; x_wconf 85' lang='lat' dir='ltr'><strong>tiva,</strong></span> <span class='ocrx_word' id='word_1_152' title='bbox 262 2473 298 2532; x_wconf 89' lang='lat' dir='ltr'><strong>ut</strong></span> <span class='ocrx_word' id='word_1_153' title='bbox 314 2467 441 2547; x_wconf 88' lang='lat' dir='ltr'><strong>dicunt,</strong></span> <span class='ocrx_word' id='word_1_154' title='bbox 467 2487 643 2554; x_wconf 72' lang='lat' dir='ltr'><strong>congruere</strong></span> <span class='ocrx_word' id='word_1_155' title='bbox 666 2472 795 2551; x_wconf 86' lang='lat' dir='ltr'><strong>potest,</strong></span> <span class='ocrx_word' id='word_1_156' title='bbox 821 2488 1017 2554; x_wconf 84' lang='lat' dir='ltr'><strong>nequaquam</strong></span> <span class='ocrx_word' id='word_1_157' title='bbox 1044 2489 1120 2539; x_wconf 82' lang='lat' dir='ltr'><strong>vero</strong></span> <span class='ocrx_word' id='word_1_158' title='bbox 1138 2487 1263 2557; x_wconf 81' lang='lat' dir='ltr'><strong>semper</strong></span> <span class='ocrx_word' id='word_1_159' title='bbox 1279 2489 1349 2543; x_wconf 81' lang='lat' dir='ltr'><strong>cunr</strong></span> 
     </span>
     <span class='ocr_line' id='line_1_20' title="bbox 147 2575 1350 2662; baseline -0.003 -16"><span class='ocrx_word' id='word_1_160' title='bbox 147 2579 204 2646; x_wconf 87' lang='lat' dir='ltr'><strong>illa</strong></span> <span class='ocrx_word' id='word_1_161' title='bbox 230 2575 414 2662; x_wconf 86' lang='lat' dir='ltr'><strong>conspirare</strong></span> <span class='ocrx_word' id='word_1_162' title='bbox 442 2577 552 2660; x_wconf 85' lang='lat' dir='ltr'><strong>debet,</strong></span> <span class='ocrx_word' id='word_1_163' title='bbox 585 2575 671 2662; x_wconf 86' lang='lat' dir='ltr'><strong>qnid,</strong></span> <span class='ocrx_word' id='word_1_164' title='bbox 703 2577 787 2662; x_wconf 83' lang='lat' dir='ltr'><strong>quod</strong></span> <span class='ocrx_word' id='word_1_165' title='bbox 814 2577 898 2642; x_wconf 82' lang='lat' dir='ltr'><strong>baud</strong></span> <span class='ocrx_word' id='word_1_166' title='bbox 925 2598 1000 2644; x_wconf 87' lang='lat' dir='ltr'><strong>raro</strong></span> <span class='ocrx_word' id='word_1_167' title='bbox 1028 2578 1067 2644; x_wconf 89' lang='lat' dir='ltr'><strong>ab</strong></span> <span class='ocrx_word' id='word_1_168' title='bbox 1099 2579 1206 2642; x_wconf 83' lang='lat' dir='ltr'><strong>eadem</strong></span> <span class='ocrx_word' id='word_1_169' title='bbox 1232 2579 1350 2643; x_wconf 86' lang='lat' dir='ltr'><strong>abhor-</strong></span> 
     </span>
     <span class='ocr_line' id='line_1_21' title="bbox 147 2683 301 2771; baseline -0.013 -17"><span class='ocrx_word' id='word_1_170' title='bbox 147 2689 246 2754; x_wconf 78' lang='lat' dir='ltr'><strong>reat?</strong></span> <span class='ocrx_word' id='word_1_171' title='bbox 261 2683 301 2771; x_wconf 73' lang='lat' dir='ltr'><strong>*J</strong></span> 
     </span>
    </p>

    <p class='ocr_par' dir='ltr' id='par_1_7' title="bbox 143 2793 1350 3519">
     <span class='ocr_line' id='line_1_22' title="bbox 240 2793 1349 2882; baseline 0.001 -22"><span class='ocrx_word' id='word_1_172' title='bbox 240 2798 271 2860; x_wconf 77' lang='lat'><strong>2.</strong></span> <span class='ocrx_word' id='word_1_173' title='bbox 296 2795 389 2874; x_wconf 77' lang='lat' dir='ltr'><strong>Quoi</strong></span> <span class='ocrx_word' id='word_1_174' title='bbox 404 2793 519 2858; x_wconf 85' lang='lat' dir='ltr'><strong>attinet</strong></span> <span class='ocrx_word' id='word_1_175' title='bbox 534 2815 637 2860; x_wconf 80' lang='lat' dir='ltr'><strong>ceum</strong></span> <span class='ocrx_word' id='word_1_176' title='bbox 654 2793 779 2862; x_wconf 84' lang='lat' dir='ltr'><strong>excussi</strong></span> <span class='ocrx_word' id='word_1_177' title='bbox 796 2813 908 2862; x_wconf 86' lang='lat' dir='ltr'><strong>sensus</strong></span> <span class='ocrx_word' id='word_1_178' title='bbox 925 2797 1145 2882; x_wconf 63' lang='lat' dir='ltr'><strong>docmaticum</strong></span> <span class='ocrx_word' id='word_1_179' title='bbox 1160 2793 1210 2858; x_wconf 88' lang='lat' dir='ltr'><strong>vel</strong></span> <span class='ocrx_word' id='word_1_180' title='bbox 1233 2815 1349 2860; x_wconf 75' lang='lat' dir='ltr'><strong>necro-</strong></span> 
     </span>
     <span class='ocr_line' id='line_1_23' title="bbox 146 2903 1350 2992; baseline -0.005 -18"><span class='ocrx_word' id='word_1_181' title='bbox 146 2909 220 2988; x_wconf 79' lang='lat' dir='ltr'><strong>lem,</strong></span> <span class='ocrx_word' id='word_1_182' title='bbox 245 2925 304 2971; x_wconf 90' lang='lat' dir='ltr'><strong>ncc</strong></span> <span class='ocrx_word' id='word_1_183' title='bbox 324 2903 426 2992; x_wconf 86' lang='lat' dir='ltr'><strong>minus</strong></span> <span class='ocrx_word' id='word_1_184' title='bbox 448 2909 633 2972; x_wconf 68' lang='lat' dir='ltr'><strong>arcticum</strong></span> <span class='ocrx_word' id='word_1_185' title='bbox 653 2903 703 2970; x_wconf 89' lang='lat' dir='ltr'><strong>vel</strong></span> <span class='ocrx_word' id='word_1_186' title='bbox 725 2907 952 2986; x_wconf 76' lang='lat' dir='ltr'><strong>homileticum,</strong></span> <span class='ocrx_word' id='word_1_187' title='bbox 977 2905 1016 2975; x_wconf 85' lang='lat' dir='ltr'><strong>dc</strong></span> <span class='ocrx_word' id='word_1_188' title='bbox 1033 2925 1070 2970; x_wconf 88' lang='lat' dir='ltr'><strong>eo</strong></span> <span class='ocrx_word' id='word_1_189' title='bbox 1094 2925 1158 2970; x_wconf 89' lang='lat' dir='ltr'><strong>nou</strong></span> <span class='ocrx_word' id='word_1_190' title='bbox 1183 2909 1232 2968; x_wconf 86' lang='lat' dir='ltr'><strong>cst</strong></span> <span class='ocrx_word' id='word_1_191' title='bbox 1247 2903 1350 2968; x_wconf 90' lang='lat' dir='ltr'><strong>inter·</strong></span> 
     </span>
     <span class='ocr_line' id='line_1_24' title="bbox 147 3011 1350 3100; baseline -0.002 -19"><span class='ocrx_word' id='word_1_192' title='bbox 147 3014 232 3100; x_wconf 86' lang='lat' dir='ltr'><strong>proti</strong></span> <span class='ocrx_word' id='word_1_193' title='bbox 246 3011 363 3078; x_wconf 89' lang='lat' dir='ltr'><strong>biblico</strong></span> <span class='ocrx_word' id='word_1_194' title='bbox 380 3015 419 3078; x_wconf 88' lang='lat' dir='ltr'><strong>de</strong></span> <span class='ocrx_word' id='word_1_195' title='bbox 435 3012 591 3080; x_wconf 85' lang='lat' dir='ltr'><strong>industria</strong></span> <span class='ocrx_word' id='word_1_196' title='bbox 607 3012 847 3100; x_wconf 81' lang='lat' dir='ltr'><strong>disserendum,</strong></span> <span class='ocrx_word' id='word_1_197' title='bbox 873 3014 1013 3100; x_wconf 86' lang='lat' dir='ltr'><strong>quamvis</strong></span> <span class='ocrx_word' id='word_1_198' title='bbox 1029 3034 1089 3098; x_wconf 89' lang='lat' dir='ltr'><strong>pro</strong></span> <span class='ocrx_word' id='word_1_199' title='bbox 1107 3034 1154 3096; x_wconf 88' lang='lat' dir='ltr'><strong>ea,</strong></span> <span class='ocrx_word' id='word_1_200' title='bbox 1171 3035 1251 3100; x_wconf 87' lang='lat' dir='ltr'><strong>quac</strong></span> <span class='ocrx_word' id='word_1_201' title='bbox 1267 3015 1350 3097; x_wconf 81' lang='lat' dir='ltr'><strong>apnrl</strong></span> 
     </span>
     <span class='ocr_line' id='line_1_25' title="bbox 146 3121 1350 3208; baseline 0.002 -21"><span class='ocrx_word' id='word_1_202' title='bbox 146 3143 207 3187; x_wconf 88' lang='lat' dir='ltr'><strong>noe</strong></span> <span class='ocrx_word' id='word_1_203' title='bbox 222 3143 305 3188; x_wconf 89' lang='lat' dir='ltr'><strong>nuno</strong></span> <span class='ocrx_word' id='word_1_204' title='bbox 320 3122 419 3208; x_wconf 83' lang='lat' dir='ltr'><strong>viget,</strong></span> <span class='ocrx_word' id='word_1_205' title='bbox 443 3122 543 3188; x_wconf 86' lang='lat' dir='ltr'><strong>studii</strong></span> <span class='ocrx_word' id='word_1_206' title='bbox 558 3121 736 3208; x_wconf 80' lang='lat' dir='ltr'><strong>theologici</strong></span> <span class='ocrx_word' id='word_1_207' title='bbox 751 3122 885 3206; x_wconf 87' lang='lat' dir='ltr'><strong>ratione,</strong></span> <span class='ocrx_word' id='word_1_208' title='bbox 910 3144 980 3188; x_wconf 90' lang='lat' dir='ltr'><strong>cum</strong></span> <span class='ocrx_word' id='word_1_209' title='bbox 998 3142 1024 3188; x_wconf 84' lang='lat' dir='ltr'><strong>s.</strong></span> <span class='ocrx_word' id='word_1_210' title='bbox 1042 3121 1230 3206; x_wconf 80' lang='lat' dir='ltr'><strong>scripturae</strong></span> <span class='ocrx_word' id='word_1_211' title='bbox 1246 3122 1350 3189; x_wconf 86' lang='lat' dir='ltr'><strong>iuter-</strong></span> 
     </span>
     <span class='ocr_line' id='line_1_26' title="bbox 145 3230 1349 3317; baseline -0.003 -19"><span class='ocrx_word' id='word_1_212' title='bbox 145 3231 285 3317; x_wconf 87' lang='lat' dir='ltr'><strong>pretatio</strong></span> <span class='ocrx_word' id='word_1_213' title='bbox 301 3230 445 3314; x_wconf 87' lang='lat' dir='ltr'><strong>practica</strong></span> <span class='ocrx_word' id='word_1_214' title='bbox 461 3251 519 3316; x_wconf 89' lang='lat' dir='ltr'><strong>per</strong></span> <span class='ocrx_word' id='word_1_215' title='bbox 535 3251 570 3296; x_wconf 88' lang='lat' dir='ltr'><strong>se</strong></span> <span class='ocrx_word' id='word_1_216' title='bbox 586 3252 648 3296; x_wconf 91' lang='lat' dir='ltr'><strong>non</strong></span> <span class='ocrx_word' id='word_1_217' title='bbox 665 3232 827 3312; x_wconf 83' lang='lat' dir='ltr'><strong>tradatur,</strong></span> <span class='ocrx_word' id='word_1_218' title='bbox 850 3251 909 3296; x_wconf 89' lang='lat' dir='ltr'><strong>nec</strong></span> <span class='ocrx_word' id='word_1_219' title='bbox 932 3231 1020 3296; x_wconf 83' lang='lat' dir='ltr'><strong>illum</strong></span> <span class='ocrx_word' id='word_1_220' title='bbox 1035 3251 1126 3298; x_wconf 87' lang='lat' dir='ltr'><strong>usum</strong></span> <span class='ocrx_word' id='word_1_221' title='bbox 1141 3248 1276 3314; x_wconf 85' lang='lat' dir='ltr'><strong>prorsus</strong></span> <span class='ocrx_word' id='word_1_222' title='bbox 1292 3251 1349 3308; x_wconf 83' lang='lat' dir='ltr'><strong>nc·</strong></span> 
     </span>
     <span class='ocr_line' id='line_1_27' title="bbox 143 3343 1348 3432; baseline 0.003 -24"><span class='ocrx_word' id='word_1_223' title='bbox 143 3343 325 3430; x_wconf 77' lang='lat' dir='ltr'><strong>gligendum</strong></span> <span class='ocrx_word' id='word_1_224' title='bbox 342 3343 593 3426; x_wconf 84' lang='lat' dir='ltr'><strong>existimaverim,</strong></span> <span class='ocrx_word' id='word_1_225' title='bbox 607 3343 754 3432; x_wconf 61' lang='lat' dir='ltr'><strong>quomam</strong></span> <span class='ocrx_word' id='word_1_226' title='bbox 771 3343 871 3408; x_wconf 85' lang='lat' dir='ltr'><strong>omnis</strong></span> <span class='ocrx_word' id='word_1_227' title='bbox 884 3343 1051 3428; x_wconf 84' lang='lat' dir='ltr'><strong>disciplina</strong></span> <span class='ocrx_word' id='word_1_228' title='bbox 1062 3343 1189 3410; x_wconf 81' lang='lat' dir='ltr'><strong>tandem</strong></span> <span class='ocrx_word' id='word_1_229' title='bbox 1201 3345 1241 3410; x_wconf 84' lang='lat' dir='ltr'><strong>ad</strong></span> <span class='ocrx_word' id='word_1_230' title='bbox 1251 3343 1348 3416; x_wconf 78' lang='lat' dir='ltr'><strong>vitam</strong></span> 
     </span>
     <span class='ocr_line' id='line_1_28' title="bbox 150 3451 417 3519; baseline -0.004 -2"><span class='ocrx_word' id='word_1_231' title='bbox 150 3457 200 3517; x_wconf 86' lang='lat' dir='ltr'><strong>est</strong></span> <span class='ocrx_word' id='word_1_232' title='bbox 215 3451 417 3519; x_wconf 82' lang='lat' dir='ltr'><strong>conferenda.</strong></span> 
     </span>
    </p>

    <p class='ocr_par' dir='ltr' id='par_1_8' title="bbox 147 3558 1349 3980">
     <span class='ocr_line' id='line_1_29' title="bbox 237 3558 1349 3648; baseline -0.003 -19"><span class='ocrx_word' id='word_1_233' title='bbox 237 3565 271 3629; x_wconf 82' lang='lat'><strong>3.</strong></span> <span class='ocrx_word' id='word_1_234' title='bbox 294 3561 438 3646; x_wconf 86' lang='lat' dir='ltr'><strong>Denique</strong></span> <span class='ocrx_word' id='word_1_235' title='bbox 454 3562 492 3627; x_wconf 79' lang='lat' dir='ltr'><strong>cle</strong></span> <span class='ocrx_word' id='word_1_236' title='bbox 508 3565 584 3646; x_wconf 72' lang='lat' dir='ltr'><strong>styli</strong></span> <span class='ocrx_word' id='word_1_237' title='bbox 596 3563 764 3646; x_wconf 77' lang='lat' dir='ltr'><strong>clepoatio</strong></span> <span class='ocrx_word' id='word_1_238' title='bbox 776 3558 931 3644; x_wconf 84' lang='lat' dir='ltr'><strong>judicium</strong></span> <span class='ocrx_word' id='word_1_239' title='bbox 949 3579 1047 3646; x_wconf 88' lang='lat' dir='ltr'><strong>penes</strong></span> <span class='ocrx_word' id='word_1_240' title='bbox 1064 3560 1274 3628; x_wconf 86' lang='lat' dir='ltr'><strong>aesthcticum</strong></span> <span class='ocrx_word' id='word_1_241' title='bbox 1289 3582 1349 3648; x_wconf 84' lang='lat' dir='ltr'><strong>po-</strong></span> 
     </span>
     <span class='ocr_line' id='line_1_30' title="bbox 147 3658 1349 3759; baseline 0.002 -23"><span class='ocrx_word' id='word_1_242' title='bbox 147 3672 212 3756; x_wconf 85' lang='lat' dir='ltr'><strong>tius</strong></span> <span class='ocrx_word' id='word_1_243' title='bbox 229 3691 320 3759; x_wconf 84' lang='lat' dir='ltr'><strong>qnam</strong></span> <span class='ocrx_word' id='word_1_244' title='bbox 335 3690 432 3756; x_wconf 88' lang='lat' dir='ltr'><strong>penes</strong></span> <span class='ocrx_word' id='word_1_245' title='bbox 448 3671 653 3756; x_wconf 87' lang='lat' dir='ltr'><strong>interpretem</strong></span> <span class='ocrx_word' id='word_1_246' title='bbox 671 3676 736 3752; x_wconf 85' lang='lat' dir='ltr'><strong>est,</strong></span> <span class='ocrx_word' id='word_1_247' title='bbox 761 3669 837 3756; x_wconf 87' lang='lat' dir='ltr'><strong>licet</strong></span> <span class='ocrx_word' id='word_1_248' title='bbox 859 3693 917 3736; x_wconf 92' lang='lat' dir='ltr'><strong>nec</strong></span> <span class='ocrx_word' id='word_1_249' title='bbox 933 3671 985 3736; x_wconf 91' lang='lat' dir='ltr'><strong>bic</strong></span> <span class='ocrx_word' id='word_1_250' title='bbox 1002 3670 1151 3737; x_wconf 87' lang='lat' dir='ltr'><strong>dictionis</strong></span> <span class='ocrx_word' id='word_1_251' title='bbox 1167 3658 1349 3756; x_wconf 78' lang='lat' dir='ltr'><strong>proprieta-</strong></span> 
     </span>
     <span class='ocr_line' id='line_1_31' title="bbox 147 3781 1349 3870; baseline 0 -21"><span class='ocrx_word' id='word_1_252' title='bbox 147 3788 212 3868; x_wconf 75' lang='lat' dir='ltr'><strong>teuu</strong></span> <span class='ocrx_word' id='word_1_253' title='bbox 233 3781 394 3870; x_wconf 76' lang='lat' dir='ltr'><strong>negligere</strong></span> <span class='ocrx_word' id='word_1_254' title='bbox 416 3781 535 3868; x_wconf 86' lang='lat' dir='ltr'><strong>possit,</strong></span> <span class='ocrx_word' id='word_1_255' title='bbox 560 3801 629 3845; x_wconf 87' lang='lat' dir='ltr'><strong>oum</strong></span> <span class='ocrx_word' id='word_1_256' title='bbox 651 3781 913 3866; x_wconf 87' lang='lat' dir='ltr'><strong>Hermeneutieae</strong></span> <span class='ocrx_word' id='word_1_257' title='bbox 939 3781 977 3844; x_wconf 86' lang='lat' dir='ltr'><strong>ab</strong></span> <span class='ocrx_word' id='word_1_258' title='bbox 1002 3781 1190 3850; x_wconf 85' lang='lat' dir='ltr'><strong>elocutionis</strong></span> <span class='ocrx_word' id='word_1_259' title='bbox 1207 3781 1349 3850; x_wconf 87' lang='lat' dir='ltr'><strong>subsidio</strong></span> 
     </span>
     <span class='ocr_line' id='line_1_32' title="bbox 148 3889 1313 3980; baseline 0.003 -25"><span class='ocrx_word' id='word_1_260' title='bbox 148 3891 298 3970; x_wconf 79' lang='lat' dir='ltr'><strong>nonnulla</strong></span> <span class='ocrx_word' id='word_1_261' title='bbox 313 3891 354 3966; x_wconf 73' lang='lat' dir='ltr'><strong>ed</strong></span> <span class='ocrx_word' id='word_1_262' title='bbox 369 3889 589 3975; x_wconf 83' lang='lat' dir='ltr'><strong>inquirendum</strong></span> <span class='ocrx_word' id='word_1_263' title='bbox 606 3891 776 3976; x_wconf 82' lang='lat' dir='ltr'><strong>genuinum</strong></span> <span class='ocrx_word' id='word_1_264' title='bbox 792 3909 919 3958; x_wconf 83' lang='lat' dir='ltr'><strong>sensnm</strong></span> <span class='ocrx_word' id='word_1_265' title='bbox 935 3896 1106 3978; x_wconf 77' lang='lat' dir='ltr'><strong>praecepta</strong></span> <span class='ocrx_word' id='word_1_266' title='bbox 1121 3891 1313 3980; x_wconf 74' lang='lat' dir='ltr'><strong>deriujcptur.</strong></span> 
     </span>
    </p>
   </div>
   <div class='ocr_carea' id='block_1_5' title="bbox 176 4017 1385 4738">
    <p class='ocr_par' dir='ltr' id='par_1_9' title="bbox 176 4017 1385 4738">
     <span class='ocr_line' id='line_1_33' title="bbox 176 4017 1350 4085; baseline 0.006 -18"><span class='ocrx_word' id='word_1_267' title='bbox 176 4017 205 4082; x_wconf 61' lang='lat' dir='ltr'><strong>t)</strong></span> <span class='ocrx_word' id='word_1_268' title='bbox 224 4020 442 4081; x_wconf 73' lang='lat' dir='ltr'><strong>Quemadmodum</strong></span> <span class='ocrx_word' id='word_1_269' title='bbox 461 4022 487 4068; x_wconf 87' lang='lat' dir='ltr'><strong>in</strong></span> <span class='ocrx_word' id='word_1_270' title='bbox 505 4020 578 4068; x_wconf 82' lang='lat' dir='ltr'><strong>llbrle</strong></span> <span class='ocrx_word' id='word_1_271' title='bbox 598 4019 737 4081; x_wconf 78' lang='lat' dir='ltr'><strong>protenta,</strong></span> <span class='ocrx_word' id='word_1_272' title='bbox 759 4021 796 4067; x_wconf 86' lang='lat' dir='ltr'><strong>lta</strong></span> <span class='ocrx_word' id='word_1_273' title='bbox 814 4019 893 4068; x_wconf 80' lang='lat' dir='ltr'><strong>etiarn</strong></span> <span class='ocrx_word' id='word_1_274' title='bbox 910 4020 939 4074; x_wconf 84' lang='lat' dir='ltr'><strong>in</strong></span> <span class='ocrx_word' id='word_1_275' title='bbox 957 4019 991 4068; x_wconf 87' lang='lat' dir='ltr'><strong>tle</strong></span> <span class='ocrx_word' id='word_1_276' title='bbox 1011 4031 1035 4070; x_wconf 90' lang='grc' dir='ltr'><strong>ι.</strong></span> <span class='ocrx_word' id='word_1_277' title='bbox 1057 4020 1209 4083; x_wconf 72' lang='lat' dir='ltr'><strong>Scripturas</strong></span> <span class='ocrx_word' id='word_1_278' title='bbox 1232 4023 1350 4085; x_wconf 74' lang='lat' dir='ltr'><strong>pertibus</strong></span> 
     </span>
     <span class='ocr_line' id='line_1_34' title="bbox 222 4110 1349 4176; baseline 0.005 -16"><span class='ocrx_word' id='word_1_279' title='bbox 222 4111 436 4172; x_wconf 77' lang='lat' dir='ltr'><strong>interpretandis,</strong></span> <span class='ocrx_word' id='word_1_280' title='bbox 452 4111 480 4172; x_wconf 81' lang='lat' dir='ltr'><strong>in</strong></span> <span class='ocrx_word' id='word_1_281' title='bbox 499 4110 593 4173; x_wconf 83' lang='lat' dir='ltr'><strong>qulbus</strong></span> <span class='ocrx_word' id='word_1_282' title='bbox 612 4124 742 4172; x_wconf 75' lang='lat' dir='ltr'><strong>perenm</strong></span> <span class='ocrx_word' id='word_1_283' title='bbox 760 4113 899 4173; x_wconf 81' lang='lat' dir='ltr'><strong>loquenten</strong></span> <span class='ocrx_word' id='word_1_284' title='bbox 914 4111 1089 4174; x_wconf 70' lang='lat' dir='ltr'><strong>mumtnp,</strong></span> <span class='ocrx_word' id='word_1_285' title='bbox 1109 4125 1176 4176; x_wconf 79' lang='lat' dir='ltr'><strong>qnae</strong></span> <span class='ocrx_word' id='word_1_286' title='bbox 1193 4117 1240 4163; x_wconf 83' lang='lat' dir='ltr'><strong>ant</strong></span> <span class='ocrx_word' id='word_1_287' title='bbox 1257 4117 1349 4166; x_wconf 84' lang='lat' dir='ltr'><strong>altiori</strong></span> 
     </span>
     <span class='ocr_line' id='line_1_35' title="bbox 221 4203 1348 4265; baseline 0.008 -15"><span class='ocrx_word' id='word_1_288' title='bbox 221 4203 355 4265; x_wconf 78' lang='lat' dir='ltr'><strong>praestito</strong></span> <span class='ocrx_word' id='word_1_289' title='bbox 374 4215 425 4251; x_wconf 92' lang='lat' dir='ltr'><strong>non</strong></span> <span class='ocrx_word' id='word_1_290' title='bbox 444 4207 505 4252; x_wconf 85' lang='lat' dir='ltr'><strong>eunt</strong></span> <span class='ocrx_word' id='word_1_291' title='bbox 523 4204 649 4260; x_wconf 79' lang='lat' dir='ltr'><strong>inunitae,</strong></span> <span class='ocrx_word' id='word_1_292' title='bbox 668 4207 711 4252; x_wconf 82' lang='lat' dir='ltr'><strong>aet</strong></span> <span class='ocrx_word' id='word_1_293' title='bbox 729 4205 754 4252; x_wconf 81' lang='lat' dir='ltr'><strong>ai</strong></span> <span class='ocrx_word' id='word_1_294' title='bbox 772 4203 901 4265; x_wconf 74' lang='lat' dir='ltr'><strong>ejoamocli</strong></span> <span class='ocrx_word' id='word_1_295' title='bbox 920 4204 1007 4253; x_wconf 74' lang='lat' dir='ltr'><strong>divino</strong></span> <span class='ocrx_word' id='word_1_296' title='bbox 1026 4206 1122 4254; x_wconf 78' lang='lat' dir='ltr'><strong>lanino</strong></span> <span class='ocrx_word' id='word_1_297' title='bbox 1140 4207 1280 4258; x_wconf 66' lang='lat' dir='ltr'><strong>tantm</strong></span> <span class='ocrx_word' id='word_1_298' title='bbox 1294 4222 1348 4260; x_wconf 87' lang='lat' dir='ltr'><strong>aon</strong></span> 
     </span>
     <span class='ocr_line' id='line_1_36' title="bbox 224 4297 1345 4364; baseline 0.006 -21"><span class='ocrx_word' id='word_1_299' title='bbox 224 4298 300 4357; x_wconf 87' lang='lat' dir='ltr'><strong>eunt,</strong></span> <span class='ocrx_word' id='word_1_300' title='bbox 320 4309 352 4344; x_wconf 82' lang='lat' dir='ltr'><strong>ex</strong></span> <span class='ocrx_word' id='word_1_301' title='bbox 370 4307 418 4344; x_wconf 82' lang='lat' dir='ltr'><strong>ena</strong></span> <span class='ocrx_word' id='word_1_302' title='bbox 435 4307 487 4344; x_wconf 87' lang='lat' dir='ltr'><strong>nen</strong></span> <span class='ocrx_word' id='word_1_303' title='bbox 506 4297 647 4358; x_wconf 80' lang='lat' dir='ltr'><strong>loquuntur</strong></span> <span class='ocrx_word' id='word_1_304' title='bbox 665 4298 802 4360; x_wconf 65' lang='lat' dir='ltr'><strong>renuntia,</strong></span> <span class='ocrx_word' id='word_1_305' title='bbox 821 4297 891 4358; x_wconf 77' lang='lat' dir='ltr'><strong>quod</strong></span> <span class='ocrx_word' id='word_1_306' title='bbox 908 4297 1100 4348; x_wconf 78' lang='lat' dir='ltr'><strong>bermenentlce</strong></span> <span class='ocrx_word' id='word_1_307' title='bbox 1117 4311 1207 4348; x_wconf 67' lang='lat' dir='ltr'><strong>ruam</strong></span> <span class='ocrx_word' id='word_1_308' title='bbox 1226 4304 1277 4364; x_wconf 81' lang='lat' dir='ltr'><strong>eet,</strong></span> <span class='ocrx_word' id='word_1_309' title='bbox 1297 4302 1345 4350; x_wconf 86' lang='lat' dir='ltr'><strong>cb-</strong></span> 
     </span>
     <span class='ocr_line' id='line_1_37' title="bbox 217 4387 1385 4454; baseline 0.004 -18"><span class='ocrx_word' id='word_1_310' title='bbox 217 4387 313 4447; x_wconf 82' lang='lat' dir='ltr'><strong>lectire</strong></span> <span class='ocrx_word' id='word_1_311' title='bbox 331 4389 425 4436; x_wconf 70' lang='lat' dir='ltr'><strong>ulrum</strong></span> <span class='ocrx_word' id='word_1_312' title='bbox 443 4399 503 4436; x_wconf 83' lang='lat' dir='ltr'><strong>cesa</strong></span> <span class='ocrx_word' id='word_1_313' title='bbox 522 4390 619 4449; x_wconf 81' lang='lat' dir='ltr'><strong>potant.</strong></span> <span class='ocrx_word' id='word_1_314' title='bbox 643 4389 723 4436; x_wconf 78' lang='lat' dir='ltr'><strong>Aliter</strong></span> <span class='ocrx_word' id='word_1_315' title='bbox 741 4401 785 4436; x_wconf 82' lang='lat' dir='ltr'><strong>res</strong></span> <span class='ocrx_word' id='word_1_316' title='bbox 805 4401 835 4436; x_wconf 79' lang='lat' dir='ltr'><strong>aa</strong></span> <span class='ocrx_word' id='word_1_317' title='bbox 852 4387 948 4444; x_wconf 82' lang='lat' dir='ltr'><strong>babet,</strong></span> <span class='ocrx_word' id='word_1_318' title='bbox 974 4389 999 4436; x_wconf 80' lang='lat' dir='ltr'><strong>ei</strong></span> <span class='ocrx_word' id='word_1_319' title='bbox 1027 4391 1112 4451; x_wconf 70' lang='lat' dir='ltr'><strong>agitur</strong></span> <span class='ocrx_word' id='word_1_320' title='bbox 1133 4391 1168 4439; x_wconf 72' lang='lat' dir='ltr'><strong>ie</strong></span> <span class='ocrx_word' id='word_1_321' title='bbox 1186 4394 1344 4454; x_wconf 61' lang='lat' dir='ltr'><strong>enarrandis</strong></span> <span class='ocrx_word' id='word_1_322' title='bbox 1383 4397 1385 4400; x_wconf 83' lang='lat'>&#39;</span> 
     </span>
     <span class='ocr_line' id='line_1_38' title="bbox 221 4478 1345 4541; baseline 0.005 -15"><span class='ocrx_word' id='word_1_323' title='bbox 221 4478 415 4540; x_wconf 70' lang='lat' dir='ltr'><strong>ascriptores</strong></span> <span class='ocrx_word' id='word_1_324' title='bbox 438 4481 522 4537; x_wconf 81' lang='lat' dir='ltr'><strong>leole,</strong></span> <span class='ocrx_word' id='word_1_325' title='bbox 553 4480 599 4528; x_wconf 75' lang='lat' dir='ltr'><strong>nbi</strong></span> <span class='ocrx_word' id='word_1_326' title='bbox 616 4493 747 4541; x_wconf 84' lang='lat' dir='ltr'><strong>personae</strong></span> <span class='ocrx_word' id='word_1_327' title='bbox 773 4480 894 4532; x_wconf 72' lang='lat' dir='ltr'><strong>(livinitus</strong></span> <span class='ocrx_word' id='word_1_328' title='bbox 921 4481 1063 4541; x_wconf 70' lang='lat' dir='ltr'><strong>tasplntae</strong></span> <span class='ocrx_word' id='word_1_329' title='bbox 1090 4494 1164 4538; x_wconf 76' lang='lat' dir='ltr'><strong>curn</strong></span> <span class='ocrx_word' id='word_1_330' title='bbox 1191 4484 1345 4532; x_wconf 81' lang='lat' dir='ltr'><strong>sententiam</strong></span> 
     </span>
     <span class='ocr_line' id='line_1_39' title="bbox 220 4571 1344 4635; baseline 0.002 -19"><span class='ocrx_word' id='word_1_331' title='bbox 220 4571 371 4631; x_wconf 61' lang='lat' dir='ltr'><strong>enuntiante</strong></span> <span class='ocrx_word' id='word_1_332' title='bbox 399 4573 426 4620; x_wconf 88' lang='lat' dir='ltr'><strong>la</strong></span> <span class='ocrx_word' id='word_1_333' title='bbox 449 4571 490 4621; x_wconf 88' lang='lat' dir='ltr'><strong>bts</strong></span> <span class='ocrx_word' id='word_1_334' title='bbox 515 4571 583 4622; x_wconf 78' lang='lat' dir='ltr'><strong>eninr</strong></span> <span class='ocrx_word' id='word_1_335' title='bbox 601 4574 705 4622; x_wconf 68' lang='lat' dir='ltr'><strong>verimi</strong></span> <span class='ocrx_word' id='word_1_336' title='bbox 722 4572 932 4628; x_wconf 65' lang='lat' dir='ltr'><strong>benenuntiate</strong></span> <span class='ocrx_word' id='word_1_337' title='bbox 950 4573 1088 4628; x_wconf 63' lang='lat' dir='ltr'><strong>vermen</strong></span> <span class='ocrx_word' id='word_1_338' title='bbox 1112 4573 1265 4635; x_wconf 61' lang='lat' dir='ltr'><strong>minan</strong></span> <span class='ocrx_word' id='word_1_339' title='bbox 1278 4585 1344 4622; x_wconf 74' lang='lat' dir='ltr'><strong>nnn-</strong></span> 
     </span>
     <span class='ocr_line' id='line_1_40' title="bbox 221 4664 1269 4738; baseline 0.005 -26"><span class='ocrx_word' id='word_1_340' title='bbox 221 4675 296 4730; x_wconf 78' lang='lat' dir='ltr'><strong>qnauu</strong></span> <span class='ocrx_word' id='word_1_341' title='bbox 315 4673 367 4719; x_wconf 73' lang='lat' dir='ltr'><strong>noe</strong></span> <span class='ocrx_word' id='word_1_342' title='bbox 384 4667 546 4738; x_wconf 62' lang='lat' dir='ltr'><strong>conjunctum</strong></span> <span class='ocrx_word' id='word_1_343' title='bbox 563 4677 642 4730; x_wconf 78' lang='lat' dir='ltr'><strong>eree,</strong></span> <span class='ocrx_word' id='word_1_344' title='bbox 661 4667 776 4720; x_wconf 70' lang='lat' dir='ltr'><strong>runai</strong></span> <span class='ocrx_word' id='word_1_345' title='bbox 795 4665 826 4718; x_wconf 76' lang='lat' dir='ltr'><strong>r.</strong></span> <span class='ocrx_word' id='word_1_346' title='bbox 846 4667 869 4718; x_wconf 85' lang='grc' dir='ltr'><strong>Ι.</strong></span> <span class='ocrx_word' id='word_1_347' title='bbox 890 4664 963 4720; x_wconf 69' lang='lat' dir='ltr'><strong>teet·</strong></span> <span class='ocrx_word' id='word_1_348' title='bbox 982 4666 1016 4719; x_wconf 77' lang='lat' dir='ltr'><strong>il.</strong></span> <span class='ocrx_word' id='word_1_349' title='bbox 1036 4666 1101 4727; x_wconf 76' lang='lat' dir='ltr'><strong>(top.</strong></span> <span class='ocrx_word' id='word_1_350' title='bbox 1120 4667 1142 4717; x_wconf 81' lang='lat'><strong>1,</strong></span> <span class='ocrx_word' id='word_1_351' title='bbox 1161 4666 1188 4726; x_wconf 69' lang='grc' dir='ltr'><strong>ς.</strong></span> <span class='ocrx_word' id='word_1_352' title='bbox 1209 4666 1269 4718; x_wconf 69' lang='lat' dir='ltr'><strong>itt.</strong></span> 
     </span>
    </p>
   </div>
   <div class='ocr_carea' id='block_1_6' title="bbox 1062 4769 1112 4828">
    <p class='ocr_par' dir='ltr' id='par_1_10' title="bbox 1062 4769 1112 4828">
     <span class='ocr_line' id='line_1_41' title="bbox 1062 4769 1112 4828; baseline 0 -21"><span class='ocrx_word' id='word_1_353' title='bbox 1062 4769 1112 4828; x_wconf 62' lang='grc' dir='ltr'>μ</span> 
     </span>
    </p>
   </div>
   <div class='ocr_carea' id='block_1_7' title="bbox 0 0 1600 5290">
    <p class='ocr_par' dir='ltr' id='par_1_11' title="bbox 0 0 1600 5290">
     <span class='ocr_line' id='line_1_42' title="bbox 0 0 1600 5290; baseline 0 0"><span class='ocrx_word' id='word_1_354' title='bbox 0 0 1600 5290; x_wconf 95' lang='lat' dir='ltr'><strong> </strong></span> 
     </span>
    </p>
   </div>
  </div>
 </body>
</html>
