3092 5286
232 404 312 479 218

231 582 329 667 qniel‘l
353 579 438 665 qnod
459 579 527 644 lere
543 599 604 642 non
621 582 703 658 ennt,
729 577 791 642 nisi
806 577 935 644 uberior
956 577 1053 661 hnjns
1076 581 1168 644 nnius
1191 583 1321 668 regulas
1337 584 1422 648 vario

230 693 378 775 respecto
393 687 477 750 iacto
492 684 673 770 applicatio,
688 690 723 749 nt
741 707 777 749 ex
793 687 998 770 sequentihus
1015 688 1144 772 patebit.

323 794 404 862 noni
425 815 501 860 vero
524 793 725 877 conponendi
747 793 793 858 ita
816 796 1012 874 convenient,
1036 801 1072 860 nt
1093 806 1148 862 ant
1163 819 1241 862 rnre
1256 799 1296 862 le
1314 801 1420 863 eadem

232 925 269 972 re
285 908 391 992 agant,
406 907 460 969 ant
481 903 648 989 generales
669 903 822 968 veritates
844 909 1038 988 proponant,
1063 905 1175 988 quibas
1200 907 1422 973 convenienter

232 1020 345 1080 auctor
366 1010 534 1096 scripsisse
552 1013 725 1075 censendus
748 1017 781 1077 st
805 1010 1059 1096 interpretandos
1076 1019 1136 1079 est.
1163 1014 1295 1086 Priores
1310 1016 1422 1079 iterun

233 1121 368 1206 duplicis
374 1119 623 1204 snntgensriasi
632 1118 756 1203 quiden
763 1119 929 1184 muilesto
939 1123 1045 1188 endem
1052 1123 1189 1206 edient,
1199 1126 1253 1186 ant
1266 1125 1308 1186 ele
1317 1126 1423 1187 eadem

232 1253 268 1296 re
284 1233 413 1316 agentes
428 1227 511 1294 inter
526 1248 561 1292 se
576 1247 717 1313 pugnare
736 1227 892 1294 violentur.
918 1229 998 1294 boni
1015 1229 1180 1295 manifesto
1205 1233 1245 1295 (le
1257 1234 1369 1296 eadem
1390 1252 1424 1295 re

233 1343 364 1426 agentes
378 1339 541 1422 paralleli,
557 1335 622 1400 loci
637 1356 712 1402 vero
729 1338 768 1402 le
785 1339 894 1404 endem
909 1358 945 1402 re
960 1339 1005 1402 ita
1021 1343 1166 1424 agenm,
1190 1345 1226 1403 ct
1241 1339 1424 1423 discrepare

167 1461 168 1466 ’
232 1449 407 1528 νίᾱοιιιῑιιι,
423 1447 674 1528 communi,
688 1451 877 1529 apparenter
894 1446 1063 1526 contrarii,
1079 1447 1237 1514 (licenter.
1252 1447 1307 1512 Illi
1319 1453 1423 1512 antem

234 1555 311 1636 loci,
332 1555 396 1640 qni,
419 1554 485 1617 sive
501 1555 532 1616 in
549 1573 575 1616 s.
590 1553 769 1637 Scriptura,
785 1555 899 1622 sivein
913 1554 1004 1620 llhris
1018 1555 1209 1638 seriptornrn
1226 1557 1422 1620 orthodexo·

234 1685 303 1728 rnm
317 1663 535 1748 subsequentis
553 1663 666 1726 aetatis
682 1668 861 1744 occurrant,
879 1664 1031 1728 veritates
1048 1664 1212 1750 generales
1231 1665 1389 1744 exhibent,
1407 1686 1423 1727 e

233 1771 348 1860 quibos¹
362 1771 423 1836 alia
436 1769 528 1836 effata
542 1771 658 1836 biblica
674 1771 834 1856 specialia,
859 1771 961 1837 minos
984 1771 1067 1838 clare
1085 1770 1223 1856 delinita,
1246 1774 1420 1858 quaeipsis

233 1901 408 1967 congruere
425 1881 551 1960 (labem,
565 1880 667 1954 lacem
686 1881 823 1966 capiant,
847 1884 983 1966 malaci
996 1887 1159 1949 vecantnr.

323 1989 404 2054 llinc
431 1991 584 2075 agenolm
612 1989 690 2053 erit:
725 1992 755 2055 1.
781 1991 837 2054 De
864 1993 948 2056 locis
973 1991 1156 2072 parallelis.
1180 1992 1228 2054 11.
1256 1991 1315 2053 De
1341 1993 1422 2055 Iocis

233 2104 497 2185 monaepocaie.
513 2101 578 2165 111.
595 2097 652 2163 De
666 2103 749 2166 lacis
765 2102 927 2184 analoqa'e.

676 2315 929 2384 racemus
953 2319 979 2380 1.

618 2459 659 2518 os
683 2458 785 2518 lools
811 2456 1039 2518 pensitatis.

548 2630 576 2697 s.
593 2623 644 2682 147.
659 2621 786 2684 mansne
800 2621 983 2696 parellellsnl
998 2625 1111 2697 necea

326 2753 408 2818 laoci
431 2753 575 2837 paralleli
597 2758 669 2817 sunt
685 2758 739 2817 aut
760 2756 912 2838 ejusdem
933 2756 1102 2832 cacteris,
1126 2756 1180 2815 aut
1193 2753 1423 2816 civennam.

235 2864 366 2929 Priores
391 2862 551 2950 parionis
576 2861 726 2926 momenti
751 2882 841 2942 essa,
875 2861 970 2926 facile
995 2859 1199 2946 intelligitur,
1224 2861 1299 2944 quia
1327 2861 1425 2945 quivis

235 2978 286 3038 est
310 2972 447 3058 optimus
466 2971 515 3036 sni
541 2970 642 3056 ipsias
667 2971 841 3054 interpres,
866 2975 898 3034 et
921 2968 1074 3052 ejusmodi
1100 2968 1165 3032 loci
1192 2989 1229 3032 eo
1254 2971 1375 3033 certius
1391 2989 1423 3032 sc

234 3087 343 3146 mntno
368 3080 583 3164 explicabant,
608 3099 671 3164 qno
692 3079 793 3142 minna
815 3077 1050 3161 supponendum
1076 3084 1139 3157 est,
1165 3079 1296 3142 andem
1314 3086 1422 3142 anoto-

232 3211 302 3256 rem
318 3211 424 3254 secam
440 3209 582 3274 pugnare
593 3186 635 3272 ²).

324 3300 425 3364 Porro
448 3298 513 3367 loci
534 3297 681 3382 paralleli
702 3296 753 3360 val
778 3298 901 3361 caselm
924 3315 1023 3362 voces
1036 3301 1090 3360 ant
1110 3295 1267 3366 dictiones
1281 3295 1317 3358 in
1333 3295 1425 3358 simili

235 3406 390 3472 orationis
413 3411 561 3472 contentu
593 3411 687 3488 atque
715 3405 826 3470 εοᾱοιιι
854 3402 1035 3490 significata
1060 3403 1223 3482 exhibent,
1258 3404 1309 3468 vel
1342 3405 1424 3467 iden

232 3515 352 3582 hetam
374 3521 431 3581 ant
456 3516 587 3586 eandem
609 3513 785 3580 doctrinam
807 3513 969 3594 reternnt3
992 3513 1074 3578 nnec
1101 3512 1335 3595 parallelisnrns
1350 3534 1425 3578 ner·

235 3625 324 3690 ocos
350 3629 383 3690 et
409 3613 571 3710 realis¹).
611 3623 706 3696 Prior
730 3645 801 3688 cnm
829 3624 960 3708 quadarn
987 3621 1192 3689 restrictione
1219 3642 1259 3686 ex
1284 3622 1426 3686 omnibns

239 3729 381 3813 ejusdem
407 3731 565 3798 idiomatis
593 3732 658 3798 sive
686 3730 824 3815 ejusdem
852 3731 918 3796 sive
945 3731 1087 3796 diversae
1107 3730 1221 3796 aetatis
1246 3732 1427 3797 auctoribus
1531 3743 1532 3752 ¹

236 3833 458 3926 adhibetnr⁸).
501 3839 680 3920 Posterior,
714 3841 784 3924 qni,
813 3841 841 3904 si
868 3838 1002 3906 (liversis
1028 3839 1110 3905 locis
1137 3838 1189 3902 vel
1212 3840 1321 3904 eaden
1344 3839 1428 3902 foeta

236 3947 287 4010 vel
321 3948 447 4012 eaedem
469 3948 629 4015 eloctione
654 3951 837 4028 traduntur,
873 3948 904 4012 in
926 3951 1116 4014 hiemelewa
1143 3951 1178 4010 et
1208 3948 1428 4012 doctrinalem
1531 3961 1532 4022 ξ

235 4075 295 4121 4ιειι
318 4057 523 4121 didacticum
546 4056 748 4144 divinitat),
779 4056 929 4140 majorano
951 4054 1127 4120 cantionem
1149 4055 1320 4138 praecipue
1343 4055 1428 4120 circa
1531 4051 1532 4068 ³

239 4164 400 4228 doctrinm
427 4164 488 4242 sibi
513 4166 670 4250 postolat,
694 4165 768 4250 quia
784 4165 869 4238 circa
896 4163 1060 4248 opiniones
1087 4166 1120 4226 et
1144 4161 1262 4246 placita
1277 4161 1428 4247 religiosa

86 4297 98 4311 ·
236 4270 338 4354 major
360 4271 444 4336 solet
472 4293 542 4338 esse
565 4273 791 4357 discrepantia,
821 4272 1025 4356 peculiariter·
1047 4271 1131 4336 inter
1156 4270 1299 4344 asseclas
1326 4270 1428 4334 diver·

236 4399 341 4447 serum
358 4385 515 4446 sectarum
529 4378 569 4462 ⁵).

327 4492 541 4579 Hagiographi
565 4491 703 4574 ejusdem
729 4491 895 4568 Foederis,
920 4511 990 4554 curn
1018 4490 1141 4554 eudem
1167 4487 1331 4552 doctrinas
1358 4487 1426 4548 lno-

235 4599 426 4668 clamentclcs
455 4605 658 4681 recenseant,
684 4600 780 4666 etiem
807 4599 838 4664 in
855 4599 982 4684 placitis
1006 4596 1165 4684 religiosis
1181 4595 1214 4660 in
1229 4616 1266 4660 re
1283 4595 1427 4680 primaria
