3190 5290
244 403 285 466 Vl

239 587 275 662 in
294 615 369 666 reru
388 603 550 668 nostram
575 592 848 668 convertamus?
880 591 1009 667 Nonne
1035 592 1113 692 ipse
1131 593 1172 667 S.
1193 591 1439 693 Hieronymus

242 714 395 816 ingenue
412 718 619 818 profitetur,
647 745 688 794 se
713 719 750 793 in
776 719 904 819 linguis
929 717 1070 792 lrilrlieis
1103 717 1327 795 addiscendis
1353 743 1434 793 ma-

241 841 377 942 gistros
390 843 547 920 ludaeos
565 845 797 921 adhrltuisse?
815 844 1306 920 Perversasdcatlrolioorum
1317 845 1434 920 iuter-

244 969 486 1070 pretationes,
514 971 717 1070 ubieunque
743 971 985 1060 occurrerint,
1014 995 1156 1071 semper
1180 997 1244 1060 ea,
1275 995 1346 1070 qua
1368 995 1436 1072 par

240 1105 330 1188 erat,
357 1098 617 1196 reprobationis
634 1108 720 1172 uota
742 1096 952 1199 perstriuxi;
977 1095 1049 1173 imo
1073 1102 1110 1194 5
1131 1099 1211 1174 248
1229 1124 1336 1198 quam
1353 1125 1434 1174 ma·

240 1221 333 1300 xime
350 1227 543 1301 cavendum
562 1249 644 1300 esse
661 1225 836 1300 tironibus
852 1224 889 1298 in
907 1224 1185 1299 protestantium
1209 1251 1278 1300 usu
1296 1226 1433 1302 monui.

238 1347 383 1427 Utinam
400 1351 620 1441 Acatlroliei,
652 1351 745 1428 sient
770 1377 836 1428 nos
867 1377 929 1444 ea,
957 1375 1048 1451 quae
1074 1350 1112 1425 in
1136 1349 1433 1450 interpretatione

239 1476 372 1552 biblica
389 1478 484 1552 bona
514 1477 666 1566 habent,
694 1503 766 1553 non
785 1477 1003 1578 respuimus,
1042 1477 1095 1552 ita
1125 1488 1309 1567 nostram,
1342 1503 1433 1578 quae

240 1604 437 1679 secundnm
456 1605 567 1706 ipsius
595 1601 729 1681 Christi
746 1602 1014 1705 dispositionem
1030 1603 1183 1704 genuina
1201 1615 1239 1679 et
1264 1609 1302 1678 iu
1319 1605 1430 1680 rebus

238 1728 323 1806 fidei
340 1739 378 1806 et
394 1757 533 1807 morum
551 1741 651 1806 certa
677 1729 823 1830 solaque
849 1755 936 1806 vera
964 1741 1036 1821 est,
1063 1729 1320 1831 interpretandi
1345 1757 1432 1806 nor·

241 1881 337 1931 mam
364 1857 578 1958 sequantur!
625 1854 729 1945 Quot
754 1855 848 1932 enim
874 1855 907 1930 si
930 1855 1053 1946 lieret,
1089 1855 1160 1958 ipsi
1186 1857 1233 1930 ad
1259 1858 1428 1932 unitatem

239 1983 322 2060 lidei
338 1985 518 2075 redirent,
546 2007 615 2060 nee
640 1983 711 2058 ullo
731 1983 884 2083 amplius
910 2009 977 2060 nos
993 1982 1182 2061 intervallo
1201 1984 1429 2071 distaremus,

240 2135 309 2210 quo
328 2109 412 2210 quid
430 2109 572 2186 sincero
591 2108 778 2185 catholieo
805 2111 923 2209 magis
952 2120 1155 2211 exoptatum
1182 2136 1265 2187 esse
1292 2111 1434 2214 possit?

347 2234 464 2326 Quod,
484 2261 575 2336 quae
593 2262 636 2312 ex
655 2261 686 2310 s.
707 2234 896 2336 Scriptura
913 2236 1123 2337 allegantur,
1148 2237 1288 2332 attinet,
1315 2237 1431 2313 adhuc

239 2387 388 2440 monere
409 2365 529 2468 jurat,
558 2387 615 2438 me
642 2369 718 2435 tum
742 2360 880 2437 mtione
906 2361 1079 2438 librorum
1107 2363 1287 2441 Samuelis
1305 2375 1343 2441 et
1358 2365 1433 2440 lte·

237 2515 336 2591 gum,
361 2499 436 2564 tum
454 2489 592 2565 ratione
610 2513 862 2578 numerorum,
891 2486 1017 2588 quibus
1034 2489 1169 2564 Psalmi
1187 2491 1434 2592 designantur,

240 2625 375 2694 textum
393 2617 599 2692 hebraicum
617 2626 776 2692 secutum
795 2639 889 2690 esse.

347 2741 453 2832 Quod
480 2744 566 2818 mihi
591 2744 684 2818 ultra
710 2742 746 2816 in
772 2741 865 2816 votis
890 2742 957 2831 sit,
993 2767 1065 2816 non
1089 2751 1222 2833 restat,
1259 2769 1366 2844 quam
1392 2751 1432 2816 ut

239 2869 339 2946 Deus
358 2869 521 2969 Optimus
540 2870 714 2944 Maximus
732 2869 815 2944 huie
833 2867 948 2944 labori
964 2867 1174 2959 benedicat,
1204 2870 1364 2970 quatiet,
1392 2879 1432 2943 ut
1585 2847 1586 2940 f

240 2997 285 3072 ed
313 2997 467 3072 studium
492 3021 674 3073 sacrarum
697 2995 882 3072 literarum
911 2997 1131 3096 augendum,
1158 2981 1217 3073 ¹ad
1244 2997 1435 3099 genuinam

241 3149 366 3202 earum
384 3123 722 3223 interpretationem,
751 3147 843 3224 quae
869 3147 942 3198 non
960 3123 1074 3200 solum
1091 3124 1232 3222 legibus
1249 3127 1435 3201 universa·

240 3251 347 3343 libus,
366 3252 430 3327 sed
456 3265 493 3328 et
512 3251 650 3327 divinae
667 3250 864 3326 Bibliorum
880 3249 1003 3339 indoli,
1031 3276 1100 3327 nee
1119 3279 1191 3330 non
1207 3249 1435 3329 Redemtoris

242 3377 358 3454 nostri
376 3377 600 3480 dispositioni
618 3376 795 3478 eongnrit,
822 3377 1102 3476 promovendam
1119 3404 1246 3457 revera
1259 3377 1433 3466 conferat,

241 3515 279 3582 et
308 3504 378 3582 hac
402 3505 541 3580 ratione
570 3505 606 3579 in
630 3505 761 3578 bonum
789 3502 979 3578 Ecclesiae
1004 3505 1220 3599 catholicae,
1249 3507 1308 3583 cui
1333 3513 1432 3579 totus

241 3642 392 3734 quantus
421 3629 518 3706 filiali
543 3655 623 3707 eum
657 3631 789 3732 pietate
818 3629 981 3708 addictus
1007 3657 1109 3730 sum,
1135 3659 1246 3737 opera
1270 3657 1351 3708 mea
1376 3637 1433 3705 sat

242 3760 370 3858 exigua
389 3760 502 3834 cedat.

1174 4091 1368 4180 Auctor.
