3092 5286
1199 455 1276 530 177

99 638 185 712 enni,
209 635 320 696 contra
347 647 400 710 ea,
431 649 508 715 qnae
531 630 715 716 cogitationi
741 630 906 713 principali
937 631 1053 714 aliquid
1079 631 1206 704 luminis
1229 632 1280 696 vel

98 741 224 805 virtutis
253 737 402 819 afferunt,
432 739 591 825 negligere
620 761 680 805 non
702 736 831 826 liceti).

125 921 150 986 ¹)
170 927 248 985 Quem
275 925 301 971 in
321 923 412 979 tinem,
442 925 465 970 si
490 939 513 972 e.
534 937 559 984 g.
582 923 781 980 oenoexbtx,
803 924 842 979 9.,
864 923 908 970 nbi
927 923 995 970 Jnda
1017 926 1160 971 nominatur
1179 927 1283 973 catulus

169 1017 271 1072 iconia,
292 1023 319 1063 et
335 1020 495 1074 comparatur
519 1015 588 1062 leoni
615 1020 642 1063 et
665 1015 771 1064 leaenae
790 1014 910 1070 cubanti,
930 1017 1059 1074 interpres
1081 1016 1215 1074 imaginem
1235 1017 1284 1063 rite

169 1108 320 1164 aestimare,
348 1118 497 1165 omnemque
524 1105 637 1165 ejusdem
660 1108 814 1165 potestatem
840 1107 978 1165 percipere
1007 1105 1087 1165 velit,
1118 1118 1169 1151 non
1188 1103 1285 1153 sumen

168 1209 248 1244 nosse
267 1199 383 1243 naturam
399 1195 498 1255 leonis,
519 1196 561 1256 qui
581 1196 676 1242 cubans
694 1199 767 1242 satur
785 1197 910 1242 neminem
928 1195 1023 1250 laedit,
1043 1197 1089 1242 sed
1107 1199 1134 1242 ot
1155 1197 1221 1242 illud
1237 1195 1285 1241 ob-

171 1287 324 1334 servandum
342 1288 401 1342 est,
421 1285 521 1332 leonem
541 1283 572 1332 ab
592 1285 769 1333 Orientalibus
788 1285 851 1344 poni
872 1298 920 1343 pro
939 1297 1001 1345 rege
1021 1291 1047 1332 et
1064 1286 1154 1333 beroe.

125 1386 153 1454 ²)
172 1393 211 1440 nd
230 1392 393 1452 explicandas
412 1392 537 1452 imagines
557 1393 753 1452 Apocalypseoe
768 1393 870 1439 collatio
888 1394 1069 1452 Prophetarum
1088 1394 1116 1440 V.
1131 1393 1179 1454 'l'.,
1198 1393 1287 1452 impri-

171 1483 221 1529 mle
238 1483 398 1539 Ezechielis,
425 1483 535 1529 Danielis
556 1486 583 1530 et
600 1483 740 1530 Zachariae
759 1485 863 1542 saepius
889 1483 968 1529 lucem
994 1483 1136 1542 praebebit.
1169 1485 1288 1532 Attamen

172 1574 323 1632 imaginibus
340 1574 524 1632 Prophetarum
541 1587 728 1634 nonnumquam
743 1575 770 1620 in
785 1574 942 1634 Apocalypsi
962 1574 1027 1620 alins
1043 1574 1166 1621 tribuitur
1183 1586 1287 1632 sensns,
1350 1607 1353 1617 ,

171 1676 246 1724 quem
265 1676 339 1722 qnam
355 1664 422 1723 apud
439 1663 499 1710 iilos
518 1663 622 1710 babent.
643 1664 687 1710 Sic
705 1664 818 1710 loannes
835 1663 916 1721 Apoc.
937 1663 1013 1710 xvii.
1029 1663 1114 1710 XVlll.
1134 1664 1241 1722 loquens
1256 1663 1288 1709 de

172 1755 251 1801 exitio
269 1753 403 1812 Babylonis
422 1754 489 1800 band
513 1754 588 1801 dubie
612 1755 728 1814 respexit
753 1755 786 1801 ad
808 1753 954 1800 vaticinium
975 1753 1032 1801 lea.
1057 1753 1122 1799 1111.
1141 1753 1220 1812 ΚΝ,
1240 1765 1290 1812 quo

179 1843 312 1906 Propheta
325 1845 365 1891 bic
383 1845 537 1903 depingebat
555 1845 667 1906 interam
687 1845 851 1894 eversionem
869 1845 943 1904 regni
954 1843 1099 1902 Babylonici
1112 1843 1290 1892 etcbaldaeo·

174 1948 238 1991 rum,
258 1935 300 1995 qui
316 1935 429 1982 ludaeos
446 1935 609 1996 affligebant,
629 1935 767 1994 Apostolus
784 1947 848 1982 nero
860 1936 965 1982 eandem
983 1934 1116 1994 imaginem
1134 1933 1239 1982 adhibet
1258 1935 1291 1981 ad

174 2025 348 2073 delineandnm
368 2025 500 2072 interitum
518 2027 614 2074 Romae
634 2038 683 2074 ceu
707 2007 778 2074 iadis
798 2027 960 2073 idololatriae
987 2028 1062 2085 atque
1090 2025 1221 2083 potentiae
1243 2025 1292 2070 im·

160 2115 278 2188 rpietatis
294 2118 321 2163 et
335 2115 544 2163 adversariorum
561 2117 683 2165 Messias.

130 2220 160 2290 ³)
179 2225 302 2284 Exemplo
322 2225 357 2272 sit
373 2225 447 2272 lacns
467 2225 558 2272 Mattb.
577 2225 645 2284 livi,
668 2227 708 2276 18.
738 2227 779 2274 nit.
812 2227 852 2274 Tu
870 2239 897 2275 es
915 2227 1030 2283 Petrus,
1062 2229 1089 2272 et
1112 2237 1195 2288 super
1221 2225 1293 2273 bano

175 2319 283 2379 petram
303 2315 448 2376 oedificabo
468 2315 619 2364 Ecclesium
639 2333 743 2378 meam,
770 2321 796 2366 et
812 2320 911 2382 portae
928 2315 1014 2379 inseri
1032 2330 1085 2364 non
1103 2314 1296 2379 praevalebunt

178 2407 312 2454 adversata
341 2419 413 2466 enm,
436 2409 463 2454 ct
483 2406 533 2454 tibi
559 2407 627 2456 dabo
655 2409 744 2456 clocca
772 2409 852 2470 regesi
878 2409 1023 2456 coeterum.
1059 2406 1094 2454 ret
1119 2407 1298 2468 quodnamque

178 2495 310 2556 tiqceerie
330 2508 412 2558 asper
432 2498 554 2558 terrum,
576 2499 630 2547 erit
648 2499 758 2560 tiquam
778 2502 806 2546 ct
822 2500 850 2546 in
871 2499 971 2560 coelia,
1001 2501 1027 2546 ct
1043 2498 1222 2558 quodcumqae
1239 2496 1294 2543 soi·

177 2585 253 2633 neria
272 2597 355 2647 super
374 2587 496 2648 terrem,
517 2588 571 2636 erit
594 2590 711 2638 actutum
730 2593 756 2636 et
771 2589 798 2637 ia
818 2590 914 2650 ecelis,
936 2589 980 2636 nbi
995 2587 1166 2635 locutionibus
1186 2587 1296 2646 tropicis

177 2675 306 2734 designari
324 2673 480 2736 singularem
496 2679 703 2738 praerogativam
723 2691 753 2726 ac
772 2683 927 2738 potestatem
941 2679 1020 2726 Petro
1039 2689 1200 2731 concessam,
1216 2688 1293 2736 prae·

177 2769 302 2812 terusnm
314 2766 436 2825 loquendi
450 2769 599 2825 contextus,
619 2771 723 2816 occasio
741 2775 816 2827 atque
833 2768 964 2828 loquentis
976 2767 1125 2818 consilium,
1141 2765 1209 2824 qnod
1225 2765 1294 2812 baud

180 2854 257 2904 dubie
274 2856 322 2902 luit
335 2855 465 2903 bonorare
482 2858 539 2917 ejus
557 2856 631 2904 fidem
649 2869 679 2904 ac
695 2869 820 2918 amorem,
840 2870 888 2904 nec
910 2871 960 2904 non
984 2857 1035 2903 loci
1051 2856 1169 2914 paralleli
1188 2857 1291 2902 docent.

179 2947 254 2994 Ocni.
275 2945 430 3004 tes.xx11,
450 2947 496 2994 22.
522 2949 602 3007 Apoc.
631 2949 679 3003 iil,
709 2949 733 2994 7.
758 2948 846 2994 ldattb.
865 2948 936 3002 xvi,
968 2947 1011 2994 id.
1042 2949 1085 2992 tt.
1114 2945 1190 2992 ioan.
1219 2945 1290 3000 xlii,

181 3036 312 3084 15-18.

131 3120 161 3192 ¹¹)
183 3126 280 3186 Quodsi
299 3138 324 3173 e.
345 3139 371 3185 g.
391 3129 565 3187 cognoveris,
594 3128 658 3175 locis
682 3139 763 3187 supra
788 3128 812 3188 S.
834 3129 895 3174 tlt.
917 3130 972 3174 net.
997 3128 1024 3174 3.
1053 3127 1159 3174 laudatis
1184 3125 1293 3185 imagine

165 3203 299 3278 'rupem
320 3217 365 3275 qun
382 3217 437 3264 neo
454 3217 594 3279 errentur,
615 3217 788 3265 ostentamus
803 3217 934 3277 designari
948 3216 1052 3272 menos,
1075 3215 1181 3263 nenena
1202 3217 1297 3264 simen-

182 3307 296 3354 tudinem
310 3307 374 3354 banc
383 3319 431 3367 per
441 3320 470 3354 se
480 3309 591 3354 claram:
612 3307 686 3354 Sicut
703 3310 745 3354 leo
759 3308 864 3368 rugiens
882 3308 991 3354 minatur
1010 3308 1114 3354 exitium
1129 3306 1292 3367 animalibus,

181 3409 248 3457 quae
264 3398 290 3444 et
307 3398 391 3444 omnia
409 3397 497 3444 andito
515 3398 583 3445 illius
604 3401 690 3458 rugitu
715 3413 778 3459 prae
805 3399 899 3445 timore
920 3398 1143 3453 contremiscunt,
1171 3397 1208 3444 ita
1225 3398 1295 3444 Deus

182 3487 296 3533 minatur
315 3498 363 3547 per
379 3487 533 3546 Prophetam
552 3489 618 3536 mela
634 3491 739 3548 mandis
756 3493 800 3536 ant
815 3489 930 3537 exitium.

134 3571 163 3639 ὅ)
183 3577 238 3624 linc
257 3581 357 3636 spectet
369 3578 462 3626 bacch.
476 3579 550 3636 xvi,
571 3579 614 3626 ubi
627 3580 792 3628 viridissimis
806 3579 936 3628 coloribus
953 3579 1037 3639 imago
1055 3581 1172 3640 ingratae
1183 3577 1292 3626 feminae

182 3667 340 3728 depingitur,
369 3680 433 3728 quae
448 3681 465 3714 a
482 3669 579 3717 Jebova
601 3683 616 3718 e
641 3671 783 3718 miserrimo
801 3675 871 3720 statu
889 3673 996 3730 erepta,
1016 3669 1147 3716 beneficiis
1165 3669 1293 3716 cumulata

183 3763 211 3804 et
241 3757 267 3802 in
294 3757 431 3817 conjugem
450 3763 567 3807 assumte
590 3761 755 3820 turpissimae
781 3761 936 3808 infidelitatis
959 3774 1020 3820 erga
1044 3760 1236 3808 benefactorem
1264 3771 1295 3806 ee

181 3859 252 3894 reem
267 3847 339 3894 iecit.
364 3847 451 3894 Omnis
471 3849 588 3908 imaginis
608 3853 708 3899 indoles
728 3866 758 3900 ex
778 3853 908 3911 cogitandi
935 3853 1034 3898 ratione
1054 3850 1211 3897 ludaeorum
1229 3862 1292 3896 con·

117 3943 122 3952 '
181 3939 298 3985 siderate
316 3938 386 3984 clare
402 3938 493 3993 docet,
517 3951 637 3986 summam
655 3942 695 3987 rei
719 3943 827 4002 imagine
850 3945 1072 4002 repraesentatam
1090 3953 1149 3986 csse
1163 3937 1296 3997 perfidiam

182 4028 293 4074 nationis
309 4027 432 4074 iudaicae
458 4041 522 4089 erga
537 4029 670 4078 deboram.
696 4032 818 4091 Equidem
836 4032 940 4092 singula
958 4031 1076 4091 imaginis
1090 4030 1244 4078 lineamenta
1263 4029 1296 4076 ad

184 4117 369 4175 cogitationem
387 4117 557 4178 principalem
577 4122 656 4180 magis
675 4123 849 4170 illustrandam
866 4126 892 4168 et
911 4121 1091 4168 subterendum
1107 4133 1158 4166 non
1181 4118 1296 4164 omnini

182 4207 371 4264 destituuntur,
397 4210 511 4267 greviter
529 4213 614 4257 tamen
636 4215 738 4258 erraret
763 4213 904 4272 interpres,
924 4213 947 4258 si
964 4211 1145 4258 minutissimos
1172 4221 1296 4267 quosque,

184 4297 228 4356 qui
248 4309 263 4343 a
282 4309 359 4344 sacre
382 4303 441 4346 veto
460 4298 621 4357 efferuntur,
651 4305 750 4348 tractus
772 4303 840 4349 vitae
860 4301 1001 4350 dissolutae
1022 4303 1089 4349 illiue
1107 4299 1240 4346 adulterae
1264 4298 1296 4342 ed

182 4391 262 4446 ceput
276 4389 314 4434 rei
333 4389 427 4448 aliquid
445 4391 579 4445 conterre,
601 4391 642 4436 vel
662 4393 762 4437 omnino
781 4392 895 4450 singutas
916 4392 1031 4451 ejusdem
1049 4392 1165 4438 actiones
1186 4389 1295 4432 lascivas

184 4477 217 4522 ad
236 4481 322 4524 certos
340 4479 464 4526 historiae
485 4480 658 4526 israelitarum
687 4485 794 4528 eventus
812 4484 946 4540 respicere
964 4483 1129 4529 existimaret.
1164 4477 1297 4537 Eiusmodi

185 4565 303 4626 adjuncta
321 4569 402 4615 solnm
422 4582 454 4616 eo
473 4567 521 4616 tine
536 4571 641 4630 adsunt,
660 4574 688 4616 nt
706 4570 787 4629 imago
807 4577 954 4624 exornetur,
971 4574 1076 4618 attentio
1096 4578 1122 4619 et
1134 4568 1240 4617 affectus
1252 4579 1296 4610 ex-

188 4658 312 4716 citentur,
333 4671 384 4706 non
402 4672 464 4707 vero
482 4663 511 4706 nt
529 4662 618 4709 sensui
636 4659 793 4721 peculiarem
811 4664 859 4708 vim
876 4661 978 4707 addant.

156 4769 236 4813 tieem.
255 4769 355 4814 biblica.
375 4771 393 4814 1.
1056 4769 1089 4821 12
