3092 5286
1249 421 1324 502 let

138 595 229 685 prior
253 595 355 664 solnm
380 597 446 662 veri
468 594 600 662 nominis
623 591 778 680 emphasis
800 600 867 676 est,
892 613 983 682 quam
999 603 1195 684 augmentum
1213 603 1325 667 solitae

138 711 307 775 verborum
323 707 560 794 significationis
577 729 596 770 a
612 707 757 791 loquente
773 708 925 806 intentum
941 707 1094 788 dicimus,
1118 713 1200 794 quod
1215 717 1278 776 tam
1298 715 1330 776 in

137 815 222 882 hono
238 835 329 902 quam
345 818 375 882 in
391 815 473 880 malo
490 835 587 882 sensu
603 815 705 880 locum
721 816 815 880 babet
831 813 879 896 ¹),
903 821 936 880 et
956 815 1063 882 verbis
1080 837 1117 882 ex
1132 818 1326 886 vehementia

138 925 270 990 allectus
286 925 337 988 vel
366 945 402 988 ex
425 925 636 1009 magnitudine
663 923 786 988 consilii
808 923 931 988 aceedit
946 920 987 1006 ⁸).
1011 922 1100 990 Unole
1124 923 1324 1014 intelligitur,

138 1035 298 1118 emphasin
322 1032 432 1096 nullibi
453 1035 579 1112 adesse,
603 1033 656 1096 ubi
672 1037 870 1118 augmentum
887 1029 1126 1118 significationis
1149 1035 1325 1101 ordinariae

138 1161 199 1207 non
217 1147 358 1226 apparet.
383 1145 469 1221 Quae
486 1161 554 1205 oum
570 1141 616 1204 ita
631 1141 695 1204 sint
705 1190 714 1224 ,
738 1140 931 1222 interpretes
955 1139 1142 1224 antiquioris
1158 1146 1327 1230 praecipue

139 1251 253 1315 aetatis
292 1249 439 1314 alucinati
477 1255 573 1330 sunt,
608 1251 679 1312 dum
717 1267 824 1312 omnes
850 1249 919 1312 lere
946 1247 1151 1313 Orientalium
1179 1251 1326 1338 loquendi

136 1359 288 1422 formulas
315 1363 347 1422 ct
373 1359 627 1424 constructiones
654 1375 673 1420 a
696 1357 814 1420 nostris
840 1355 963 1442 longius
989 1356 1142 1424 distantes
1166 1363 1327 1446 emphases

138 1467 362 1532 existimarent.

229 1577 420 1640 Locutiones
444 1575 643 1659 emphasibus
666 1571 747 1637 falso
769 1579 989 1639 annumeratae
1010 1580 1104 1638 suot:

229 1689 260 1749 1.
285 1684 539 1767 Expressiones,
574 1703 704 1766 quarum
736 1681 982 1768 significationes
1009 1689 1118 1747 auctae
1146 1689 1326 1750 constantes

139 1799 232 1880 atque
248 1793 360 1858 solitae
377 1796 449 1855 sunt
464 1783 507 1877 i).

228 1905 260 1966 2.
284 1903 370 1979 Quae
386 1901 418 1962 in
434 1899 503 1962 sola
520 1897 711 1984 etymologia
727 1899 938 1979 reponuntur,
963 1897 1036 1982 quia
1051 1897 1238 1988 primigenia
1252 1923 1325 1966 ver-

135 2009 248 2074 borum
271 2009 318 2072 vis
343 2012 397 2070 aut
420 2008 555 2072 decursu
578 2004 731 2088 temporis
754 2003 894 2084 evanuit,
918 2009 972 2068 aut
992 2012 1192 2089 augmentum
1214 2009 1245 2072 ei
1268 2012 1324 2073 arl-
1448 2063 1452 2070 .

130 2111 275 2199 junctum
304 2120 451 2180 constans
476 2114 587 2178 evasit
610 2113 816 2195 Excipiuntur
836 2116 939 2174 tamen
959 2112 1127 2176 allusiones
1143 2115 1183 2178 ad
1199 2117 1326 2181 ordina·

135 2225 216 2290 riam
242 2225 330 2290 vocis
358 2219 634 2312 significationem,
659 2222 771 2306 quibus
793 2238 903 2284 revera
924 2228 1121 2306 augmentum
1145 2225 1269 2289 accedit
1283 2225 1326 2312 ⁵).

227 2337 260 2400 3.
283 2335 385 2398 Porro
401 2353 566 2418 perperam
585 2331 748 2413 emphases
764 2329 918 2393 habentur
934 2327 1086 2394 formulae
1104 2336 1137 2395 et
1158 2337 1326 2398 construe-

136 2441 259 2522 tiones‚
285 2463 363 2526 qnae
379 2462 441 2506 non
457 2448 530 2505 sunt
547 2439 609 2505 uisi
624 2437 819 2512 Hebraisna
843 2439 891 2500 uti
907 2437 1121 2519 substantiva,
1146 2461 1225 2524 quae
1240 2425 1327 2526 sop-

137 2550 227 2633 plent
242 2548 411 2632 adjectiva,
435 2549 595 2614 abstracta
610 2548 682 2612 loco
703 2550 922 2612 concretorum
938 2546 1066 2629 posita,
1090 2567 1239 2614 numerus
1255 2549 1326 2632 pln-

135 2659 214 2722 ralis
231 2660 430 2742 quarumdam
444 2673 577 2738 vocum,
602 2677 681 2741 quae
696 2657 729 2719 in
744 2656 852 2740 lingua
866 2656 1013 2720 hebraica
1038 2661 1147 2722 carent
1162 2657 1326 2744 singulari,

136 2766 282 2830 infinitivi
300 2789 369 2832 eum
381 2768 474 2832 modu
490 2765 579 2830 linito
597 2765 735 2849 ejusdem
751 2766 801 2828 vel
817 2761 919 2827 affinis
934 2765 1044 2844 verbi,
1067 2765 1186 2830 formae
1202 2787 1327 2852 quoque

134 2879 328 2958 verborum,
353 2899 432 2963 qnae
462 2875 610 2940 dicuntur
639 2875 839 2951 intensivae,
864 2877 896 2935 et
926 2893 1006 2954 qnae
1037 2877 1109 2937 sunt
1140 2873 1201 2938 alia
1231 2875 1329 2958 nujus

135 2988 265 3073 generis
281 2981 325 3075 ⁸).
1283 2985 1287 2994 '

226 3098 257 3161 4.
283 3095 361 3162 ltem
391 3097 492 3160 minus
518 3098 606 3158 recte
637 3113 655 3156 a
682 3089 865 3176 quibusdam
892 3090 930 3152 ad
957 3090 1120 3171 emphases
1144 3089 1326 3157 referuntur

133 3206 242 3289 plures
258 3203 380 3290 figurae
395 3205 585 3282 rhetoricae,
610 3218 740 3286 quarum
756 3199 879 3283 quidem
897 3201 956 3276 est,
980 3197 1075 3260 docus
1091 3200 1326 3266 elsuavitatem

133 3314 272 3378 orationi
288 3315 423 3394 addere,
447 3331 509 3377 non
524 3328 599 3376 vero
617 3307 855 3396 significationis
870 3305 1037 3368 verborum
1059 3305 1120 3368 mm
1143 3325 1260 3394 augere
1276 3310 1323 3397 ⁷).

227 3421 259 3488 5.
282 3419 423 3507 Denique
440 3419 667 3484 commentitiae
684 3421 757 3480 sunt
773 3415 946 3499 emphases,
971 3431 1049 3498 quae
1065 3417 1322 3502 praetenduntur,

132 3547 251 3614 rerum,
268 3549 399 3615 quarum
412 3547 559 3594 essenon
572 3530 677 3611 potest
688 3523 751 3588 nisi
762 3522 943 3608 magnitudo
956 3524 988 3584 et
997 3521 1183 3602 sublimitas,
1201 3523 1326 3590 minime

131 3645 238 3704 autem
255 3638 429 3723 emphasis,
453 3657 532 3722 quae
550 3641 598 3700 est
614 3635 782 3698 verborum
798 3622 840 3718 ⁸).

224 3749 270 3810 Ex
295 3749 407 3832 quibus
428 3745 520 3809 facile
542 3743 752 3829 intelligitur,
776 3755 937 3803 numerum
961 3727 1150 3822 amphusium
1173 3741 1324 3808 orationis

130 3857 267 3921 biblicae
285 3877 354 3920 esse
371 3855 469 3919 multo
486 3856 638 3918 minorem
655 3899 663 3926 ,
688 3873 724 3915 ac
740 3849 882 3914 nonnulli
899 3850 1091 3931 interpretes
1108 3851 1324 3934 opinabantur,

130 3987 234 4050 neque
252 3965 404 4048 ejusmodi
421 3965 532 4028 solitae
550 3959 793 4049 significationis¹
808 3961 1006 4043 augmentum
1023 3961 1220 4023 statuendum
1242 3981 1324 4043 esse,

130 4075 192 4138 nisi
210 4075 263 4138 ubi
279 4074 399 4138 locutio
416 4077 525 4155 aperte
541 4070 675 4134 inferior
692 4073 741 4132 est
757 4067 895 4146 notione,
913 4084 1004 4150 quam
1020 4065 1204 4148 eloquente
1219 4067 1322 4132 inten-

129 4189 194 4244 tam
221 4202 306 4261 esse,
330 4180 516 4244 adminicula
539 4177 772 4242 hermeneutica
794 4175 942 4238 indicant.

156 4361 182 4424 1)
203 4366 299 4414 contar
316 4365 504 4424 Quintillum
521 4365 548 4410 h.
562 4365 628 4410 Vlll.
647 4373 704 4420 cup.
716 4362 754 4414 3.,
772 4360 817 4406 ubi
835 4358 910 4404 etlam
929 4359 1065 4418 utriusque
1084 4356 1184 4414 speciei
1202 4359 1318 4415 exempla

203 4468 235 4502 ex
254 4457 426 4516 scriptoribus
446 4455 559 4514 prolenis
580 4452 665 4499 allart-

154 4541 181 4609 ²)
203 4548 322 4605 Exemplo
341 4549 376 4594 stt
395 4546 519 4592 termule:
550 4543 613 4591 Dies
632 4542 767 4594 Ιοὴουαο,
796 4549 861 4596 quae
888 4537 913 4582 in
939 4535 1031 4582 bonam
1059 4536 1086 4580 et
1110 4535 1198 4580 mulam
1217 4541 1315 4594 partem

203 4639 346 4698 emphatice
366 4637 484 4695 ponitur,
505 4638 539 4682 ita
558 4639 586 4678 nt
606 4633 679 4677 modo
699 4633 733 4675 sit
751 4629 823 4681 dies,
844 4640 894 4685 quo
913 4625 981 4671 Deus
1002 4623 1127 4682 singulari
1147 4626 1222 4670 modo
1241 4638 1314 4686 opem

1031 4726 1098 4780 13·
