3092 5286
1180 457 1188 478 “
1244 453 1321 530 117

61 651 64 656 ’
135 635 265 699 multum
286 631 441 720 proficiet.
472 631 547 694 lude
565 631 663 710 cuim,
689 635 725 692 ut
741 633 973 712 praetereamus
989 629 1265 695 accomodaticues
1281 633 1320 694 ad

135 743 387 827 imperfectiores
414 739 591 805 auditorum
614 739 808 804 lectorumve
833 737 1000 820 notiones,
1036 723 1075 802 de
1100 739 1211 824 quibus
1240 740 1320 803 inira

137 851 187 940 (S.
202 854 267 918 119
280 848 368 938 sqq.)
394 851 526 929 dicetur,

227 963 258 1024 1.
276 963 501 1044 cognoscetur,
524 955 636 1040 quibus
651 954 793 1020 terminis
809 953 894 1018 dieta
910 954 1209 1036 circumscribendo,
1227 957 1323 1022 adeo-

136 1089 196 1154 que
211 1073 317 1132 utrum
333 1067 474 1152 augenda
490 1084 528 1127 an
543 1064 712 1150 mitiganda
725 1063 789 1126 sint
802 1061 857 1151 r)‘l
953 1109 956 1116 .

226 1179 259 1240 2.
277 1174 412 1260 Cognita
426 1193 589 1257 personae,
607 1173 646 1236 ad
663 1191 754 1256 quam
771 1172 872 1236 oratio
887 1171 1090 1256 convertitur,
1103 1168 1224 1237 indoles
1235 1173 1323 1256 iacit,

136 1289 171 1348 ut
187 1289 221 1348 et
237 1283 389 1347 orationis
405 1281 575 1364 cujusdam,
604 1286 635 1344 et
651 1280 750 1363 ipsius
767 1279 890 1343 dicendi
906 1277 990 1342 modi
1005 1277 1087 1344 ratio
1105 1281 1194 1344 reddi
1209 1282 1323 1364 possit,

136 1391 250 1475 quibus
265 1367 418 1475 ignoratis
435 1389 520 1453 dicta
535 1393 587 1452 aut
604 1387 636 1452 in
652 1389 787 1453 obscuro
803 1387 1041 1472 relinquuntur,
1066 1393 1120 1451 aut
1147 1411 1208 1453 nou
1235 1391 1326 1474 plena

136 1500 207 1564 luce
225 1499 361 1584 gaudent
372 1495 417 1585 ²).

179 1629 180 1634 ¹
227 1609 259 1672 3.
275 1607 416 1690 Denique
432 1606 503 1668 iude
519 1605 628 1689 liquet,
645 1605 844 1687 eloquente,
868 1605 921 1688 qui
937 1606 975 1668 ad
992 1605 1131 1688 plebejos
1153 1607 1202 1670 vel
1225 1608 1327 1673 miuus

137 1715 242 1780 cultos
263 1714 358 1777 verba
378 1713 465 1794 facit,
494 1714 631 1798 rigorem
655 1711 731 1798 styli
751 1713 965 1798 philosophici
992 1735 1053 1776 non
1076 1717 1326 1799 exspectandum,

138 1823 280 1906 adeoque
296 1843 353 1886 nec
370 1821 579 1906 quaerendum
596 1842 666 1885 esse
678 1817 722 1907 8).

228 1931 319 1994 llaud
334 1953 406 1996 raro
424 1935 528 1996 autem
545 1928 673 1994 difficile
690 1935 739 1994 est
756 1929 963 1994 determinare
978 1949 1163 2012 personam,
1181 1931 1219 1993 ad
1236 1949 1328 2013 quam

140 2041 244 2106 oratio
260 2035 358 2128 litt),
383 2048 414 2104 et
432 2061 485 2104 eas
509 2040 594 2104 illius
612 2039 796 2122 qualitates,
821 2059 899 2121 quae
922 2040 962 2102 ad
985 2039 1071 2104 dicta
1097 2039 1332 2123 interpretanda

136 2150 258 2214 iaciunt
274 2145 325 2234 ⁵),
348 2170 406 2212 nec
433 2149 466 2211 id
492 2169 616 2232 semper
638 2151 744 2232 patet,
774 2168 936 2230 quousque
960 2149 1000 2210 ad
1022 2149 1148 2212 eandem
1164 2168 1331 2232 personam

140 2257 243 2323 oratio
261 2255 515 2342 continuetur⁰).
539 2255 582 2319 Ut
593 2257 659 2339 jam
674 2256 775 2340 primo
793 2275 929 2338 persona
950 2257 1043 2335 haec,
1068 2257 1096 2319 si
1118 2257 1156 2319 de
1182 2257 1251 2339 ipsa
1272 2254 1331 2319 du·

138 2367 223 2432 bium
241 2367 391 2446 excritur,
415 2371 553 2446 eruatur,
578 2365 662 2428 dicta
687 2385 755 2428 oum
773 2363 1017 2428 circumstantiis
1035 2369 1067 2428 et
1083 2366 1332 2450 proprietatibus

139 2496 363 2558 personarum,
388 2475 426 2537 ad
444 2495 521 2558 quas
546 2473 647 2538 oratio
677 2493 827 2536 conversa
855 2494 924 2536 esse
951 2478 1075 2556 potest,
1102 2481 1332 2560 comparentur,

141 2605 240 2668 eaque
257 2588 444 2662 assumatur,
456 2583 507 2646 cui
523 2581 708 2646 conveniunt
724 2582 808 2644 dicta
820 2579 861 2666 ⁷).
887 2583 978 2660 Quod
994 2583 1065 2646 dein
1081 2583 1248 2664 qualitates
1258 2605 1332 2668 per·

140 2713 240 2757 sonae
255 2693 348 2756 istius
365 2691 488 2772 attinet,
506 2711 560 2754 eae
577 2691 731 2754 docentur
744 2690 878 2770 indiciis,
897 2691 1009 2771 quibus
1026 2693 1149 2755 cultura
1166 2693 1332 2778 cognosci-

138 2806 203 2880 tur,
228 2822 307 2884 quae
330 2801 461 2864 inferius
483 2799 670 2862 notabimus.
696 2797 810 2859 liudem
826 2799 948 2860 demum
964 2817 1100 2880 persona
1115 2819 1254 2884 cousque
1271 2801 1332 2864 erit

139 2911 340 2990 assumenda,
370 2929 532 2992 quousque
554 2907 672 2970 nullum
697 2905 728 2968 iu
744 2905 897 2969 sermonis
915 2907 1045 2970 materia
1061 2914 1114 2972 aut
1129 2909 1230 2971 forma
1247 2907 1331 2991 ejus-

138 3021 210 3084 dem
225 3023 362 3082 mutatae
376 3017 544 3104 vestigium
562 3015 805 3098 deprehenditur
817 3009 860 3102 ⁸).

167 3197 193 3260 ¹)
212 3203 273 3249 inde
291 3215 313 3249 e.
329 3213 354 3260 g.
373 3201 454 3247 verbu
473 3199 613 3248 zachariae
632 3201 664 3248 ad
682 3198 760 3246 lilium
779 3211 854 3246 mum
871 3200 934 3246 buc.
955 3199 981 3259 l,
1002 3201 1047 3246 76.
1075 3200 1111 3246 sc
1129 3202 1158 3247 tu
1172 3175 1242 3264 pber
1261 3215 1329 3264 pro·

210 3294 293 3356 pheta
309 3292 443 3340 ditissimi
460 3291 620 3350 vocaberis,
638 3291 755 3350 augenda
776 3303 835 3338 csse
854 3291 981 3350 patescit,
1001 3291 1144 3350 quisalius
1163 3292 1256 3340 Joanni
1277 3306 1329 3340 non

211 3383 288 3443 plene
302 3383 502 3442 responderent,
522 3383 564 3441 qui
580 3381 628 3428 ruit
644 3381 827 3440 prophetarum
846 3381 971 3428 maximus
994 3383 1020 3427 et
1038 3393 1194 3440 praecursor
1213 3383 1327 3430 Domini.

213 3473 288 3520 coni.
308 3470 399 3519 matta.
419 3473 468 3533 xi,
492 3473 591 3518 9—11.
612 3471 707 3518 (luntre
726 3483 790 3531 quse
810 3475 897 3517 extent
922 3469 1014 3518 Mettis.
1041 3471 1087 3531 Vl,
1117 3471 1159 3519 25.
1179 3485 1238 3532 sqq.
1262 3473 1327 3520 Ideo

212 3562 271 3610 dieo
290 3562 382 3622 cobis,
400 3573 434 3610 aa
452 3561 555 3609 soliciti
573 3561 635 3608 sitis
653 3559 758 3609 aetnae
784 3565 911 3618 cestrae,
941 3561 1003 3623 quid
1027 3564 1214 3622 manducetis,
1243 3575 1327 3625 nepae

213 3651 328 3714 corpori
343 3654 453 3710 aestro,
479 3651 541 3712 qaid
559 3651 708 3698 induamini
726 3654 775 3698 etc.
804 3651 942 3714 mitiganda
960 3656 1035 3713 suut,
1063 3655 1121 3714 quis
1146 3655 1267 3702 Dominus
1297 3668 1328 3702 es

212 3741 274 3788 dixit
293 3741 326 3788 ad
344 3734 529 3804 ὀλιγοπίστυς,
549 3741 606 3788 coli.
627 3755 651 3786 v.
674 3742 717 3788 aa.

162 3843 190 3910 ²)
209 3849 268 3896 Act.
287 3848 372 3904 XXlV,
391 3848 436 3894 25.
456 3849 567 3908 legitur:
585 3849 743 3910 Dispudrate
763 3851 851 3898 autem
872 3851 920 3898 illo
932 3849 1054 3913 (Paulo)
1072 3853 1105 3899 dc
1121 3853 1233 3914 iustitia
1252 3857 1277 3901 et
1293 3857 1326 3902 de
1369 3827 1372 3838 .

211 3939 340 3986 castitate
357 3942 383 3984 et
400 3941 432 3986 dc
445 3939 551 4000 Jadicio
568 3937 664 4002 futuro
682 3939 860 4004 tremefactus
880 3942 959 3988 Felix
972 3943 1129 4005 respondit:
1163 3945 1237 4001 Quod
1255 3959 1326 3992 nunc

213 4029 326 4088 attinet,
345 4030 426 4084 cade,
445 4032 564 4090 tempore
580 4031 668 4076 autem
686 4034 838 4093 opportuno
859 4045 998 4078 accersam
1017 4033 1051 4077 te.
1072 4031 1174 4080 Gurdo
1193 4033 1235 4079 his
1248 4035 1325 4080 rebus

122 4113 126 4122 '
212 4118 308 4164 Paulus
319 4129 405 4164 coram
419 4118 506 4164 Felice
523 4117 632 4179 dixerit,
652 4123 677 4166 et
693 4132 740 4165 cur
752 4119 795 4165 hle
811 4121 980 4166 tremefactus
996 4121 1089 4180 luerit,
1109 4123 1145 4168 illi
1162 4125 1327 4182 perspicuum

212 4207 278 4263 crit,
298 4209 340 4268 qai
358 4211 473 4263 noverit,
493 4221 557 4268 quae
583 4211 695 4258 Tacitae
711 4211 777 4258 iiiut.
795 4213 830 4272 V,
850 4223 874 4258 e.
894 4223 918 4271 q.
939 4213 970 4258 dc
988 4213 1074 4260 indole
1091 4213 1167 4272 hujus
1186 4215 1236 4260 viri
1251 4218 1326 4262 nata-

212 4300 267 4346 vite
295 4297 427 4346 saluatus
457 4299 536 4350 selec
561 4313 613 4362 per
639 4311 743 4348 omnem
766 4302 910 4352 saevitiam
934 4317 967 4350 ac
988 4303 1125 4351 libidinem
1150 4303 1198 4364 jae
1224 4305 1327 4370 reatem

213 4388 311 4437 servili
338 4389 443 4450 inuenio
472 4392 601 4439 exercuit.
640 4392 737 4438 licdem
765 4396 858 4452 paeto,
889 4405 935 4438 cur
954 4393 1081 4440 scribendi
1100 4394 1168 4440 ratio
1186 4395 1328 4452 Apostolo-

212 4491 271 4526 rum
297 4479 356 4524 hinc
381 4479 439 4526 inde
461 4479 566 4528 brevior
584 4494 615 4529 se
633 4483 716 4529 minus
736 4485 858 4530 accurata
875 4483 1096 4544 deprehendetur,
1116 4496 1168 4528 uon
1187 4483 1329 4541 mirabitur,

214 4570 258 4627 qui
287 4567 408 4628 solverit,
436 4569 494 4617 illos
523 4573 664 4632 scripsisse
694 4571 835 4618 lectoribus
865 4574 1011 4632 cognitione
1042 4575 1172 4621 doctrinae
1191 4573 1250 4620 vivo
1268 4588 1332 4621 voco

211 4659 264 4717 jam
280 4657 396 4719 imbutis,
417 4659 507 4720 quibus
529 4663 602 4720 plura
620 4663 689 4710 clara
710 4665 737 4710 et
753 4662 855 4712 definita
874 4667 966 4723 crant,
993 4654 1057 4722 quse
1075 4664 1149 4710 uobis
1170 4676 1246 4713 secus
1263 4671 1337 4713 'soah

1050 4767 1118 4820 10*
