<?xml version="1.0" encoding="UTF-8"?>
<!DOCTYPE html PUBLIC "-//W3C//DTD XHTML 1.0 Transitional//EN"
    "http://www.w3.org/TR/xhtml1/DTD/xhtml1-transitional.dtd">
<html xmlns="http://www.w3.org/1999/xhtml" xml:lang="en" lang="en">
 <head>
  <title>
</title>
<meta http-equiv="Content-Type" content="text/html;charset=utf-8" />
  <meta name='ocr-system' content='tesseract 3.04.00' />
  <meta name='ocr-capabilities' content='ocr_page ocr_carea ocr_par ocr_line ocrx_word'/>
</head>
<body>
  <div class='ocr_page' id='page_1' title='image "./hermeneuticabib00kohlgoog_0250.png"; bbox 0 0 3092 5286; ppageno 0'>
   <div class='ocr_carea' id='block_1_1' title="bbox 1224 437 1303 526">
    <p class='ocr_par' dir='ltr' id='par_1_1' title="bbox 1224 437 1303 526">
     <span class='ocr_line' id='line_1_1' title="bbox 1224 437 1303 526; baseline -0.051 0"><span class='ocrx_word' id='word_1_1' title='bbox 1224 437 1303 526; x_wconf 75' lang='grc'><strong>220</strong></span> 
     </span>
    </p>
   </div>
   <div class='ocr_carea' id='block_1_2' title="bbox 57 611 1365 1792">
    <p class='ocr_par' dir='ltr' id='par_1_2' title="bbox 57 611 1365 1792">
     <span class='ocr_line' id='line_1_2' title="bbox 207 611 1303 703; baseline -0.001 -14"><span class='ocrx_word' id='word_1_2' title='bbox 207 617 285 690; x_wconf 72' lang='lat' dir='ltr'><strong>Cum</strong></span> <span class='ocrx_word' id='word_1_3' title='bbox 319 619 424 687; x_wconf 87' lang='lat' dir='ltr'><strong>antem·</strong></span> <span class='ocrx_word' id='word_1_4' title='bbox 458 641 547 686; x_wconf 88' lang='lat' dir='ltr'><strong>veras</strong></span> <span class='ocrx_word' id='word_1_5' title='bbox 581 611 614 689; x_wconf 90' lang='lat' dir='ltr'><strong>in</strong></span> <span class='ocrx_word' id='word_1_6' title='bbox 649 639 674 684; x_wconf 90' lang='lat' dir='ltr'><strong>s.</strong></span> <span class='ocrx_word' id='word_1_7' title='bbox 712 613 878 703; x_wconf 82' lang='lat' dir='ltr'><strong>Scriptura</strong></span> <span class='ocrx_word' id='word_1_8' title='bbox 914 611 1178 687; x_wconf 76' lang='lat' dir='ltr'><strong>contradictiones</strong></span> <span class='ocrx_word' id='word_1_9' title='bbox 1202 641 1244 688; x_wconf 89' lang='lat' dir='ltr'><strong>ue</strong></span> <span class='ocrx_word' id='word_1_10' title='bbox 1265 639 1303 688; x_wconf 82' lang='lat' dir='ltr'><strong>ex</strong></span> 
     </span>
     <span class='ocr_line' id='line_1_3' title="bbox 115 719 1303 816; baseline 0 -22"><span class='ocrx_word' id='word_1_11' title='bbox 115 719 248 796; x_wconf 81' lang='lat' dir='ltr'><strong>hnmana</strong></span> <span class='ocrx_word' id='word_1_12' title='bbox 287 732 412 816; x_wconf 87' lang='lat' dir='ltr'><strong>quidem</strong></span> <span class='ocrx_word' id='word_1_13' title='bbox 449 730 555 794; x_wconf 92' lang='lat' dir='ltr'><strong>indole</strong></span> <span class='ocrx_word' id='word_1_14' title='bbox 595 733 738 815; x_wconf 86' lang='lat' dir='ltr'><strong>spectata</strong></span> <span class='ocrx_word' id='word_1_15' title='bbox 773 747 951 812; x_wconf 78' lang='lat' dir='ltr'>supponere</span> <span class='ocrx_word' id='word_1_16' title='bbox 985 727 1097 812; x_wconf 90' lang='lat' dir='ltr'><strong>liceat,</strong></span> <span class='ocrx_word' id='word_1_17' title='bbox 1131 729 1192 794; x_wconf 90' lang='lat' dir='ltr'><strong>hoc</strong></span> <span class='ocrx_word' id='word_1_18' title='bbox 1231 731 1303 794; x_wconf 91' lang='lat' dir='ltr'><strong>loco</strong></span> 
     </span>
     <span class='ocr_line' id='line_1_4' title="bbox 117 827 1305 923; baseline -0.003 -17"><span class='ocrx_word' id='word_1_19' title='bbox 117 851 297 923; x_wconf 79' lang='lat' dir='ltr'><strong>monemus,</strong></span> <span class='ocrx_word' id='word_1_20' title='bbox 321 839 475 922; x_wconf 89' lang='lat' dir='ltr'><strong>ejusmodi</strong></span> <span class='ocrx_word' id='word_1_21' title='bbox 497 837 588 902; x_wconf 89' lang='lat' dir='ltr'><strong>locos</strong></span> <span class='ocrx_word' id='word_1_22' title='bbox 611 831 682 900; x_wconf 88' lang='lat' dir='ltr'><strong>aliis</strong></span> <span class='ocrx_word' id='word_1_23' title='bbox 715 834 817 900; x_wconf 87' lang='lat' dir='ltr'><strong>effatis</strong></span> <span class='ocrx_word' id='word_1_24' title='bbox 841 827 966 900; x_wconf 86' lang='lat' dir='ltr'><strong>biblic&#39;is</strong></span> <span class='ocrx_word' id='word_1_25' title='bbox 988 835 1038 900; x_wconf 80' lang='lat' dir='ltr'><strong>vel</strong></span> <span class='ocrx_word' id='word_1_26' title='bbox 1070 839 1165 902; x_wconf 91' lang='lat' dir='ltr'><strong>certis</strong></span> <span class='ocrx_word' id='word_1_27' title='bbox 1188 840 1305 903; x_wconf 87' lang='lat' dir='ltr'><strong>verita-</strong></span> 
     </span>
     <span class='ocr_line' id='line_1_5' title="bbox 115 935 1304 1032; baseline 0.001 -22"><span class='ocrx_word' id='word_1_28' title='bbox 115 948 201 1012; x_wconf 81' lang='lat' dir='ltr'><strong>tibus</strong></span> <span class='ocrx_word' id='word_1_29' title='bbox 230 947 483 1012; x_wconf 75' lang='lat' dir='ltr'><strong>contradicentes</strong></span> <span class='ocrx_word' id='word_1_30' title='bbox 510 964 568 1029; x_wconf 91' lang='lat' dir='ltr'><strong>pro</strong></span> <span class='ocrx_word' id='word_1_31' title='bbox 597 941 755 1027; x_wconf 78' lang='lat' dir='ltr'><strong>parallelis</strong></span> <span class='ocrx_word' id='word_1_32' title='bbox 785 961 857 1010; x_wconf 89' lang='lat' dir='ltr'><strong>esse</strong></span> <span class='ocrx_word' id='word_1_33' title='bbox 884 935 1062 1024; x_wconf 88' lang='lat' dir='ltr'><strong>habendos,</strong></span> <span class='ocrx_word' id='word_1_34' title='bbox 1087 945 1141 1028; x_wconf 89' lang='lat' dir='ltr'><strong>qui</strong></span> <span class='ocrx_word' id='word_1_35' title='bbox 1168 947 1304 1032; x_wconf 90' lang='lat' dir='ltr'><strong>speciem</strong></span> 
     </span>
     <span class='ocr_line' id='line_1_6' title="bbox 117 1052 1305 1140; baseline -0.002 -20"><span class='ocrx_word' id='word_1_36' title='bbox 117 1060 238 1120; x_wconf 86' lang='lat' dir='ltr'><strong>tantum</strong></span> <span class='ocrx_word' id='word_1_37' title='bbox 271 1074 391 1140; x_wconf 89' lang='lat' dir='ltr'><strong>pugnae</strong></span> <span class='ocrx_word' id='word_1_38' title='bbox 425 1054 660 1139; x_wconf 83' lang='lat' dir='ltr'><strong>praeseferant,</strong></span> <span class='ocrx_word' id='word_1_39' title='bbox 695 1059 727 1117; x_wconf 90' lang='lat' dir='ltr'><strong>et</strong></span> <span class='ocrx_word' id='word_1_40' title='bbox 762 1052 854 1135; x_wconf 89' lang='lat' dir='ltr'><strong>proin</strong></span> <span class='ocrx_word' id='word_1_41' title='bbox 879 1053 940 1124; x_wconf 90' lang='lat' dir='ltr'><strong>rite</strong></span> <span class='ocrx_word' id='word_1_42' title='bbox 962 1053 1117 1118; x_wconf 83' lang='lat' dir='ltr'><strong>intellecti</strong></span> <span class='ocrx_word' id='word_1_43' title='bbox 1140 1054 1305 1120; x_wconf 90' lang='lat' dir='ltr'><strong>clariorem</strong></span> 
     </span>
     <span class='ocr_line' id='line_1_7' title="bbox 119 1161 1307 1247; baseline 0 -19"><span class='ocrx_word' id='word_1_44' title='bbox 119 1168 152 1228; x_wconf 93' lang='lat' dir='ltr'><strong>et</strong></span> <span class='ocrx_word' id='word_1_45' title='bbox 184 1164 407 1247; x_wconf 80' lang='lat' dir='ltr'><strong>perfectiorem</strong></span> <span class='ocrx_word' id='word_1_46' title='bbox 441 1163 505 1246; x_wconf 85' lang='lat' dir='ltr'><strong>rei,</strong></span> <span class='ocrx_word' id='word_1_47' title='bbox 541 1164 579 1226; x_wconf 89' lang='lat' dir='ltr'><strong>tle</strong></span> <span class='ocrx_word' id='word_1_48' title='bbox 615 1175 676 1243; x_wconf 86' lang='lat' dir='ltr'><strong>qua</strong></span> <span class='ocrx_word' id='word_1_49' title='bbox 709 1166 822 1246; x_wconf 87' lang='lat' dir='ltr'><strong>agunt,</strong></span> <span class='ocrx_word' id='word_1_50' title='bbox 865 1161 1026 1225; x_wconf 90' lang='lat' dir='ltr'><strong>notionem</strong></span> <span class='ocrx_word' id='word_1_51' title='bbox 1060 1163 1307 1228; x_wconf 82' lang='lat' dir='ltr'><strong>subministrent.</strong></span> 
     </span>
     <span class='ocr_line' id='line_1_8' title="bbox 57 1261 1308 1356; baseline -0.002 -19"><span class='ocrx_word' id='word_1_52' title='bbox 57 1348 60 1352; x_wconf 40' lang='grc'>,</span> <span class='ocrx_word' id='word_1_53' title='bbox 116 1266 204 1353; x_wconf 74' lang='lat' dir='ltr'><strong>Quae</strong></span> <span class='ocrx_word' id='word_1_54' title='bbox 229 1282 298 1336; x_wconf 86' lang='lat' dir='ltr'><strong>cnm</strong></span> <span class='ocrx_word' id='word_1_55' title='bbox 321 1273 367 1336; x_wconf 89' lang='lat' dir='ltr'><strong>ita</strong></span> <span class='ocrx_word' id='word_1_56' title='bbox 389 1267 468 1351; x_wconf 87' lang='lat' dir='ltr'><strong>sint,</strong></span> <span class='ocrx_word' id='word_1_57' title='bbox 492 1271 675 1353; x_wconf 85' lang='lat' dir='ltr'><strong>interpretis</strong></span> <span class='ocrx_word' id='word_1_58' title='bbox 700 1271 776 1352; x_wconf 89' lang='lat' dir='ltr'><strong>erit,</strong></span> <span class='ocrx_word' id='word_1_59' title='bbox 802 1261 955 1352; x_wconf 84' lang='lat' dir='ltr'><strong>ejusmodi</strong></span> <span class='ocrx_word' id='word_1_60' title='bbox 977 1289 1098 1356; x_wconf 87' lang='lat' dir='ltr'><strong>pugnas</strong></span> <span class='ocrx_word' id='word_1_61' title='bbox 1121 1277 1308 1354; x_wconf 73' lang='lat' dir='ltr'><strong>apparentes</strong></span> 
     </span>
     <span class='ocr_line' id='line_1_9' title="bbox 117 1371 1305 1463; baseline 0 -19"><span class='ocrx_word' id='word_1_62' title='bbox 117 1402 136 1444; x_wconf 88' lang='lat' dir='ltr'><strong>a</strong></span> <span class='ocrx_word' id='word_1_63' title='bbox 158 1381 240 1447; x_wconf 91' lang='lat' dir='ltr'><strong>locis</strong></span> <span class='ocrx_word' id='word_1_64' title='bbox 261 1371 387 1444; x_wconf 89' lang='lat' dir='ltr'><strong>biblicis</strong></span> <span class='ocrx_word' id='word_1_65' title='bbox 409 1395 588 1458; x_wconf 89' lang='lat' dir='ltr'><strong>removere,</strong></span> <span class='ocrx_word' id='word_1_66' title='bbox 611 1377 724 1462; x_wconf 86' lang='lat' dir='ltr'><strong>hisque</strong></span> <span class='ocrx_word' id='word_1_67' title='bbox 747 1377 832 1440; x_wconf 88' lang='lat' dir='ltr'><strong>iuter</strong></span> <span class='ocrx_word' id='word_1_68' title='bbox 855 1387 889 1440; x_wconf 84' lang='lat' dir='ltr'><strong>se</strong></span> <span class='ocrx_word' id='word_1_69' title='bbox 920 1377 1096 1441; x_wconf 86' lang='lat' dir='ltr'><strong>conciliatis</strong></span> <span class='ocrx_word' id='word_1_70' title='bbox 1120 1379 1159 1440; x_wconf 86' lang='lat' dir='ltr'><strong>ad</strong></span> <span class='ocrx_word' id='word_1_71' title='bbox 1182 1381 1305 1463; x_wconf 86' lang='lat' dir='ltr'><strong>perfec-</strong></span> 
     </span>
     <span class='ocr_line' id='line_1_10' title="bbox 117 1477 1365 1573; baseline -0.001 -19"><span class='ocrx_word' id='word_1_72' title='bbox 117 1484 234 1554; x_wconf 83' lang='lat' dir='ltr'><strong>tiorem</strong></span> <span class='ocrx_word' id='word_1_73' title='bbox 263 1488 329 1568; x_wconf 88' lang='lat' dir='ltr'><strong>rei,</strong></span> <span class='ocrx_word' id='word_1_74' title='bbox 364 1482 403 1552; x_wconf 88' lang='lat' dir='ltr'><strong>de</strong></span> <span class='ocrx_word' id='word_1_75' title='bbox 427 1508 488 1572; x_wconf 84' lang='lat' dir='ltr'><strong>qua</strong></span> <span class='ocrx_word' id='word_1_76' title='bbox 511 1493 622 1573; x_wconf 83' lang='lat' dir='ltr'><strong>agunt,</strong></span> <span class='ocrx_word' id='word_1_77' title='bbox 657 1485 868 1572; x_wconf 88' lang='lat' dir='ltr'><strong>coguitionem</strong></span> <span class='ocrx_word' id='word_1_78' title='bbox 891 1486 949 1549; x_wconf 91' lang='lat' dir='ltr'><strong>uti.</strong></span> <span class='ocrx_word' id='word_1_79' title='bbox 986 1477 1065 1551; x_wconf 76' lang='lat' dir='ltr'><strong>Cum</strong></span> <span class='ocrx_word' id='word_1_80' title='bbox 1087 1497 1163 1550; x_wconf 77' lang='lat' dir='ltr'><strong>tero</strong></span> <span class='ocrx_word' id='word_1_81' title='bbox 1188 1479 1226 1552; x_wconf 90' lang='lat' dir='ltr'><strong>de</strong></span> <span class='ocrx_word' id='word_1_82' title='bbox 1250 1509 1310 1552; x_wconf 92' lang='lat' dir='ltr'><strong>usu</strong></span> <span class='ocrx_word' id='word_1_83' title='bbox 1362 1556 1365 1563; x_wconf 73' lang='grc'><strong>,</strong></span> 
     </span>
     <span class='ocr_line' id='line_1_11' title="bbox 117 1594 1309 1680; baseline -0.001 -18"><span class='ocrx_word' id='word_1_84' title='bbox 117 1594 261 1662; x_wconf 89' lang='lat' dir='ltr'><strong>locorum</strong></span> <span class='ocrx_word' id='word_1_85' title='bbox 284 1596 504 1680; x_wconf 83' lang='lat' dir='ltr'><strong>parallelorum</strong></span> <span class='ocrx_word' id='word_1_86' title='bbox 537 1594 603 1678; x_wconf 85' lang='lat' dir='ltr'><strong>jam</strong></span> <span class='ocrx_word' id='word_1_87' title='bbox 633 1595 835 1676; x_wconf 77' lang='lat' dir='ltr'><strong>praecedenti</strong></span> <span class='ocrx_word' id='word_1_88' title='bbox 856 1598 996 1658; x_wconf 87' lang='lat' dir='ltr'><strong>tractatu</strong></span> <span class='ocrx_word' id='word_1_89' title='bbox 1019 1594 1136 1658; x_wconf 88' lang='lat' dir='ltr'><strong>dictum</strong></span> <span class='ocrx_word' id='word_1_90' title='bbox 1157 1597 1223 1679; x_wconf 87' lang='lat' dir='ltr'><strong>sit,</strong></span> <span class='ocrx_word' id='word_1_91' title='bbox 1256 1597 1309 1662; x_wconf 79' lang='lat' dir='ltr'><strong>liic</strong></span> 
     </span>
     <span class='ocr_line' id='line_1_12' title="bbox 116 1703 1227 1792; baseline 0.001 -25"><span class='ocrx_word' id='word_1_92' title='bbox 116 1713 178 1770; x_wconf 88' lang='lat' dir='ltr'><strong>non</strong></span> <span class='ocrx_word' id='word_1_93' title='bbox 202 1710 304 1769; x_wconf 88' lang='lat' dir='ltr'><strong>restat</strong></span> <span class='ocrx_word' id='word_1_94' title='bbox 326 1705 496 1792; x_wconf 85' lang='lat' dir='ltr'><strong>agendum,</strong></span> <span class='ocrx_word' id='word_1_95' title='bbox 519 1703 581 1766; x_wconf 87' lang='lat' dir='ltr'><strong>nisi</strong></span> <span class='ocrx_word' id='word_1_96' title='bbox 604 1703 643 1766; x_wconf 87' lang='lat' dir='ltr'><strong>de</strong></span> <span class='ocrx_word' id='word_1_97' title='bbox 667 1703 964 1785; x_wconf 87' lang='lat' dir='ltr'><strong>enantiophanorum</strong></span> <span class='ocrx_word' id='word_1_98' title='bbox 988 1703 1227 1786; x_wconf 78' lang='lat' dir='ltr'><strong>compositione.</strong></span> 
     </span>
    </p>
   </div>
   <div class='ocr_carea' id='block_1_3' title="bbox 314 1908 1113 1992">
    <p class='ocr_par' dir='ltr' id='par_1_3' title="bbox 314 1908 1113 1992">
     <span class='ocr_line' id='line_1_13' title="bbox 314 1908 1113 1992; baseline -0.009 -12"><span class='ocrx_word' id='word_1_99' title='bbox 314 1922 344 1990; x_wconf 76' lang='lat' dir='ltr'><strong>s-</strong></span> <span class='ocrx_word' id='word_1_100' title='bbox 361 1913 416 1982; x_wconf 77' lang='lat' dir='ltr'><strong>itt.</strong></span> <span class='ocrx_word' id='word_1_101' title='bbox 433 1908 566 1980; x_wconf 80' lang='lat' dir='ltr'><strong>lnomodo</strong></span> <span class='ocrx_word' id='word_1_102' title='bbox 582 1909 714 1990; x_wconf 66' lang='lat' dir='ltr'><strong>crunon</strong></span> <span class='ocrx_word' id='word_1_103' title='bbox 729 1919 836 1992; x_wconf 68' lang='lat' dir='ltr'><strong>pugnae</strong></span> <span class='ocrx_word' id='word_1_104' title='bbox 852 1911 956 1991; x_wconf 75' lang='lat' dir='ltr'><strong>species</strong></span> <span class='ocrx_word' id='word_1_105' title='bbox 971 1911 1113 1977; x_wconf 66' lang='lat' dir='ltr'><strong>totendal</strong></span> 
     </span>
    </p>
   </div>
   <div class='ocr_carea' id='block_1_4' title="bbox 115 2058 1311 2474">
    <p class='ocr_par' dir='ltr' id='par_1_4' title="bbox 115 2058 1311 2474">
     <span class='ocr_line' id='line_1_14' title="bbox 207 2058 1310 2149; baseline 0.001 -19"><span class='ocrx_word' id='word_1_106' title='bbox 207 2064 309 2146; x_wconf 77' lang='lat' dir='ltr'><strong>Quum</strong></span> <span class='ocrx_word' id='word_1_107' title='bbox 332 2077 406 2129; x_wconf 81' lang='lat' dir='ltr'><strong>vera</strong></span> <span class='ocrx_word' id='word_1_108' title='bbox 438 2065 648 2131; x_wconf 77' lang='lat' dir='ltr'><strong>contradictio</strong></span> <span class='ocrx_word' id='word_1_109' title='bbox 673 2084 729 2128; x_wconf 91' lang='lat' dir='ltr'><strong>seu</strong></span> <span class='ocrx_word' id='word_1_110' title='bbox 751 2084 856 2149; x_wconf 88' lang='lat' dir='ltr'><strong>pugna</strong></span> <span class='ocrx_word' id='word_1_111' title='bbox 887 2064 920 2126; x_wconf 93' lang='lat' dir='ltr'><strong>in</strong></span> <span class='ocrx_word' id='word_1_112' title='bbox 944 2083 981 2128; x_wconf 89' lang='lat' dir='ltr'><strong>eo</strong></span> <span class='ocrx_word' id='word_1_113' title='bbox 1006 2065 1178 2146; x_wconf 85' lang='lat' dir='ltr'><strong>consistat,</strong></span> <span class='ocrx_word' id='word_1_114' title='bbox 1212 2071 1248 2130; x_wconf 89' lang='lat' dir='ltr'><strong>ut</strong></span> <span class='ocrx_word' id='word_1_115' title='bbox 1272 2058 1310 2131; x_wconf 90' lang='lat' dir='ltr'><strong>de</strong></span> 
     </span>
     <span class='ocr_line' id='line_1_15' title="bbox 117 2169 1311 2259; baseline -0.001 -20"><span class='ocrx_word' id='word_1_116' title='bbox 117 2176 227 2240; x_wconf 81' lang='lat' dir='ltr'><strong>eadem</strong></span> <span class='ocrx_word' id='word_1_117' title='bbox 258 2191 295 2238; x_wconf 90' lang='lat' dir='ltr'><strong>re</strong></span> <span class='ocrx_word' id='word_1_118' title='bbox 339 2175 397 2238; x_wconf 88' lang='lat' dir='ltr'><strong>sub</strong></span> <span class='ocrx_word' id='word_1_119' title='bbox 434 2175 542 2238; x_wconf 91' lang='lat' dir='ltr'><strong>eodem</strong></span> <span class='ocrx_word' id='word_1_120' title='bbox 577 2176 725 2258; x_wconf 87' lang='lat' dir='ltr'><strong>respectu</strong></span> <span class='ocrx_word' id='word_1_121' title='bbox 766 2171 850 2234; x_wconf 91' lang='lat' dir='ltr'><strong>idem</strong></span> <span class='ocrx_word' id='word_1_122' title='bbox 884 2169 1058 2235; x_wconf 83' lang='lat' dir='ltr'><strong>affirmetur</strong></span> <span class='ocrx_word' id='word_1_123' title='bbox 1091 2178 1123 2236; x_wconf 89' lang='lat' dir='ltr'><strong>et</strong></span> <span class='ocrx_word' id='word_1_124' title='bbox 1169 2180 1311 2259; x_wconf 86' lang='lat' dir='ltr'><strong>negetur,</strong></span> 
     </span>
     <span class='ocr_line' id='line_1_16' title="bbox 117 2271 1309 2366; baseline 0 -19"><span class='ocrx_word' id='word_1_125' title='bbox 117 2283 219 2348; x_wconf 86' lang='lat' dir='ltr'><strong>omnis</strong></span> <span class='ocrx_word' id='word_1_126' title='bbox 253 2271 438 2366; x_wconf 88' lang='lat' dir='ltr'><strong>interpretis</strong></span> <span class='ocrx_word' id='word_1_127' title='bbox 473 2275 563 2344; x_wconf 88' lang='lat' dir='ltr'><strong>labor</strong></span> <span class='ocrx_word' id='word_1_128' title='bbox 597 2273 637 2342; x_wconf 84' lang='lat' dir='ltr'><strong>nd</strong></span> <span class='ocrx_word' id='word_1_129' title='bbox 678 2271 849 2345; x_wconf 89' lang='lat' dir='ltr'><strong>tollendam</strong></span> <span class='ocrx_word' id='word_1_130' title='bbox 881 2293 1004 2366; x_wconf 87' lang='lat' dir='ltr'><strong>pugnae</strong></span> <span class='ocrx_word' id='word_1_131' title='bbox 1035 2281 1171 2364; x_wconf 88' lang='lat' dir='ltr'><strong>speciem</strong></span> <span class='ocrx_word' id='word_1_132' title='bbox 1202 2283 1235 2346; x_wconf 92' lang='lat' dir='ltr'><strong>iu</strong></span> <span class='ocrx_word' id='word_1_133' title='bbox 1271 2303 1309 2347; x_wconf 90' lang='lat' dir='ltr'><strong>eo</strong></span> 
     </span>
     <span class='ocr_line' id='line_1_17' title="bbox 115 2382 1310 2474; baseline -0.001 -21"><span class='ocrx_word' id='word_1_134' title='bbox 115 2389 311 2470; x_wconf 79' lang='lat' dir='ltr'><strong>versabitur,</strong></span> <span class='ocrx_word' id='word_1_135' title='bbox 334 2396 370 2454; x_wconf 88' lang='lat' dir='ltr'><strong>ut</strong></span> <span class='ocrx_word' id='word_1_136' title='bbox 393 2389 554 2468; x_wconf 89' lang='lat' dir='ltr'><strong>ostendat,</strong></span> <span class='ocrx_word' id='word_1_137' title='bbox 578 2389 767 2474; x_wconf 85' lang='lat' dir='ltr'><strong>scriptorem</strong></span> <span class='ocrx_word' id='word_1_138' title='bbox 791 2408 915 2452; x_wconf 89' lang='lat' dir='ltr'><strong>sacrum</strong></span> <span class='ocrx_word' id='word_1_139' title='bbox 939 2382 971 2451; x_wconf 90' lang='lat' dir='ltr'><strong>in</strong></span> <span class='ocrx_word' id='word_1_140' title='bbox 1000 2383 1072 2453; x_wconf 93' lang='lat' dir='ltr'><strong>loco</strong></span> <span class='ocrx_word' id='word_1_141' title='bbox 1096 2397 1208 2455; x_wconf 84' lang='lat' dir='ltr'><strong>vexato</strong></span> <span class='ocrx_word' id='word_1_142' title='bbox 1232 2405 1310 2454; x_wconf 74' lang='lat' dir='ltr'><strong>con·</strong></span> 
     </span>
    </p>
   </div>
   <div class='ocr_carea' id='block_1_5' title="bbox 114 2491 1444 2584">
    <p class='ocr_par' dir='ltr' id='par_1_5' title="bbox 114 2491 1444 2584">
     <span class='ocr_line' id='line_1_18' title="bbox 114 2491 1444 2584; baseline 0.001 -20"><span class='ocrx_word' id='word_1_143' title='bbox 114 2499 216 2564; x_wconf 86' lang='lat' dir='ltr'><strong>traria</strong></span> <span class='ocrx_word' id='word_1_144' title='bbox 240 2504 273 2564; x_wconf 90' lang='lat' dir='ltr'><strong>et</strong></span> <span class='ocrx_word' id='word_1_145' title='bbox 295 2498 367 2562; x_wconf 86' lang='lat' dir='ltr'><strong>eliis</strong></span> <span class='ocrx_word' id='word_1_146' title='bbox 390 2498 470 2562; x_wconf 90' lang='lat' dir='ltr'><strong>locis</strong></span> <span class='ocrx_word' id='word_1_147' title='bbox 494 2502 548 2561; x_wconf 88' lang='lat' dir='ltr'><strong>aut</strong></span> <span class='ocrx_word' id='word_1_148' title='bbox 569 2497 929 2582; x_wconf 82' lang='lat' dir='ltr'><strong>veritatibus-opposita</strong></span> <span class='ocrx_word' id='word_1_149' title='bbox 943 2517 1006 2562; x_wconf 92' lang='lat' dir='ltr'><strong>non</strong></span> <span class='ocrx_word' id='word_1_150' title='bbox 1023 2491 1200 2581; x_wconf 78' lang='lat' dir='ltr'><strong>scripsisse,</strong></span> <span class='ocrx_word' id='word_1_151' title='bbox 1226 2494 1310 2584; x_wconf 86' lang='lat' dir='ltr'><strong>quod</strong></span> <span class='ocrx_word' id='word_1_152' title='bbox 1438 2555 1444 2569; x_wconf 66' lang='lat'><strong>,</strong></span> 
     </span>
    </p>
   </div>
   <div class='ocr_carea' id='block_1_6' title="bbox 113 2607 1312 4208">
    <p class='ocr_par' dir='ltr' id='par_1_6' title="bbox 120 2607 1273 2694">
     <span class='ocr_line' id='line_1_19' title="bbox 120 2607 1273 2694; baseline 0.001 -23"><span class='ocrx_word' id='word_1_153' title='bbox 120 2608 295 2694; x_wconf 79' lang='lat' dir='ltr'><strong>generatim</strong></span> <span class='ocrx_word' id='word_1_154' title='bbox 317 2607 494 2690; x_wconf 87' lang='lat' dir='ltr'><strong>praestabit</strong></span> <span class='ocrx_word' id='word_1_155' title='bbox 515 2611 641 2689; x_wconf 84' lang='lat' dir='ltr'><strong>critice,</strong></span> <span class='ocrx_word' id='word_1_156' title='bbox 660 2610 795 2694; x_wconf 83' lang='lat' dir='ltr'><strong>judicio</strong></span> <span class='ocrx_word' id='word_1_157' title='bbox 819 2616 853 2671; x_wconf 90' lang='lat' dir='ltr'><strong>et</strong></span> <span class='ocrx_word' id='word_1_158' title='bbox 867 2611 967 2694; x_wconf 83' lang='lat' dir='ltr'><strong>justa</strong></span> <span class='ocrx_word' id='word_1_159' title='bbox 991 2611 1273 2690; x_wconf 79' lang='lat' dir='ltr'><strong>interpretatione.</strong></span> 
     </span>
    </p>

    <p class='ocr_par' dir='ltr' id='par_1_7' title="bbox 114 2713 1312 3778">
     <span class='ocr_line' id='line_1_20' title="bbox 213 2713 1311 2800; baseline 0 -20"><span class='ocrx_word' id='word_1_160' title='bbox 213 2713 345 2780; x_wconf 85' lang='lat' dir='ltr'><strong>Scilicet</strong></span> <span class='ocrx_word' id='word_1_161' title='bbox 367 2714 476 2800; x_wconf 87' lang='lat' dir='ltr'><strong>negari</strong></span> <span class='ocrx_word' id='word_1_162' title='bbox 500 2717 623 2798; x_wconf 86' lang='lat' dir='ltr'><strong>nequit,</strong></span> <span class='ocrx_word' id='word_1_163' title='bbox 647 2715 751 2778; x_wconf 87' lang='lat' dir='ltr'><strong>Biblia</strong></span> <span class='ocrx_word' id='word_1_164' title='bbox 773 2718 950 2796; x_wconf 90' lang='lat' dir='ltr'><strong>temporum</strong></span> <span class='ocrx_word' id='word_1_165' title='bbox 973 2713 1090 2797; x_wconf 86' lang='lat' dir='ltr'><strong>injuria</strong></span> <span class='ocrx_word' id='word_1_166' title='bbox 1109 2720 1142 2779; x_wconf 90' lang='lat' dir='ltr'><strong>et</strong></span> <span class='ocrx_word' id='word_1_167' title='bbox 1163 2715 1311 2781; x_wconf 77' lang='lat' dir='ltr'><strong>librario·-</strong></span> 
     </span>
     <span class='ocr_line' id='line_1_21' title="bbox 117 2819 1312 2910; baseline 0 -21"><span class='ocrx_word' id='word_1_168' title='bbox 117 2837 188 2889; x_wconf 90' lang='lat' dir='ltr'><strong>&#39;rum</strong></span> <span class='ocrx_word' id='word_1_169' title='bbox 220 2831 314 2910; x_wconf 86' lang='lat' dir='ltr'><strong>atque</strong></span> <span class='ocrx_word' id='word_1_170' title='bbox 349 2824 504 2888; x_wconf 87' lang='lat' dir='ltr'><strong>lectorum</strong></span> <span class='ocrx_word' id='word_1_171' title='bbox 538 2821 660 2886; x_wconf 88' lang='lat' dir='ltr'><strong>incuria</strong></span> <span class='ocrx_word' id='word_1_172' title='bbox 696 2829 727 2886; x_wconf 92' lang='lat' dir='ltr'><strong>et</strong></span> <span class='ocrx_word' id='word_1_173' title='bbox 763 2819 855 2905; x_wconf 87' lang='lat' dir='ltr'><strong>eulpa</strong></span> <span class='ocrx_word' id='word_1_174' title='bbox 888 2822 1107 2886; x_wconf 85' lang='lat' dir='ltr'><strong>nonnullorum</strong></span> <span class='ocrx_word' id='word_1_175' title='bbox 1130 2827 1312 2889; x_wconf 86' lang='lat' dir='ltr'><strong>mendorum</strong></span> 
     </span>
     <span class='ocr_line' id='line_1_22' title="bbox 116 2923 1310 3020; baseline -0.001 -20"><span class='ocrx_word' id='word_1_176' title='bbox 116 2928 241 3000; x_wconf 89' lang='lat' dir='ltr'><strong>labibus</strong></span> <span class='ocrx_word' id='word_1_177' title='bbox 278 2949 348 2998; x_wconf 90' lang='lat' dir='ltr'><strong>csse</strong></span> <span class='ocrx_word' id='word_1_178' title='bbox 381 2949 563 3016; x_wconf 71' lang='lat' dir='ltr'><strong>conspersa.</strong></span> <span class='ocrx_word' id='word_1_179' title='bbox 616 2923 738 3010; x_wconf 79' lang='lat' dir='ltr'><strong>Quodsi</strong></span> <span class='ocrx_word' id='word_1_180' title='bbox 773 2931 879 3020; x_wconf 85' lang='lat' dir='ltr'><strong>itaque</strong></span> <span class='ocrx_word' id='word_1_181' title='bbox 914 2927 1124 2995; x_wconf 87' lang='lat' dir='ltr'><strong>contradictio</strong></span> <span class='ocrx_word' id='word_1_182' title='bbox 1159 2925 1310 3019; x_wconf 80' lang='lat' dir='ltr'><strong>originem</strong></span> 
     </span>
     <span class='ocr_line' id='line_1_23' title="bbox 118 3023 1308 3127; baseline -0.004 -20"><span class='ocrx_word' id='word_1_183' title='bbox 118 3043 213 3107; x_wconf 90' lang='lat' dir='ltr'><strong>debet</strong></span> <span class='ocrx_word' id='word_1_184' title='bbox 245 3043 347 3106; x_wconf 87' lang='lat' dir='ltr'><strong>textui</strong></span> <span class='ocrx_word' id='word_1_185' title='bbox 380 3063 417 3105; x_wconf 82' lang='lat' dir='ltr'><strong>ex</strong></span> <span class='ocrx_word' id='word_1_186' title='bbox 452 3041 546 3104; x_wconf 88' lang='lat' dir='ltr'><strong>dictis</strong></span> <span class='ocrx_word' id='word_1_187' title='bbox 573 3041 677 3103; x_wconf 87' lang='lat' dir='ltr'><strong>causis</strong></span> <span class='ocrx_word' id='word_1_188' title='bbox 700 3043 839 3122; x_wconf 89' lang='lat' dir='ltr'><strong>mutato,</strong></span> <span class='ocrx_word' id='word_1_189' title='bbox 863 3039 1020 3122; x_wconf 88' lang='lat' dir='ltr'><strong>interpres</strong></span> <span class='ocrx_word' id='word_1_190' title='bbox 1044 3041 1126 3104; x_wconf 88' lang='lat' dir='ltr'><strong>bunc</strong></span> <span class='ocrx_word' id='word_1_191' title='bbox 1151 3023 1168 3105; x_wconf 82' lang='lat' dir='ltr'><strong>e</strong></span> <span class='ocrx_word' id='word_1_192' title='bbox 1191 3043 1308 3127; x_wconf 82' lang='lat' dir='ltr'><strong>regulis.</strong></span> 
     </span>
     <span class='ocr_line' id='line_1_24' title="bbox 115 3147 1308 3232; baseline -0.001 -18"><span class='ocrx_word' id='word_1_193' title='bbox 115 3155 257 3215; x_wconf 82' lang='lat' dir='ltr'><strong>criticae</strong></span> <span class='ocrx_word' id='word_1_194' title='bbox 291 3150 455 3228; x_wconf 88' lang='lat' dir='ltr'><strong>restituat,</strong></span> <span class='ocrx_word' id='word_1_195' title='bbox 490 3148 540 3211; x_wconf 88' lang='lat' dir='ltr'><strong>vel</strong></span> <span class='ocrx_word' id='word_1_196' title='bbox 574 3154 662 3211; x_wconf 88' lang='lat' dir='ltr'><strong>certe</strong></span> <span class='ocrx_word' id='word_1_197' title='bbox 687 3151 838 3211; x_wconf 85' lang='lat' dir='ltr'><strong>mutatum</strong></span> <span class='ocrx_word' id='word_1_198' title='bbox 861 3147 960 3210; x_wconf 86' lang='lat' dir='ltr'><strong>fuisse</strong></span> <span class='ocrx_word' id='word_1_199' title='bbox 982 3148 1114 3231; x_wconf 88' lang='lat' dir='ltr'><strong>probet,</strong></span> <span class='ocrx_word' id='word_1_200' title='bbox 1138 3171 1199 3232; x_wconf 87' lang='lat' dir='ltr'><strong>quo</strong></span> <span class='ocrx_word' id='word_1_201' title='bbox 1222 3151 1308 3213; x_wconf 87' lang='lat' dir='ltr'><strong>facto</strong></span> 
     </span>
     <span class='ocr_line' id='line_1_25' title="bbox 118 3253 1311 3344; baseline -0.001 -21"><span class='ocrx_word' id='word_1_202' title='bbox 118 3280 172 3324; x_wconf 89' lang='lat' dir='ltr'><strong>res</strong></span> <span class='ocrx_word' id='word_1_203' title='bbox 198 3263 401 3342; x_wconf 87' lang='lat' dir='ltr'><strong>componetur</strong></span> <span class='ocrx_word' id='word_1_204' title='bbox 414 3255 455 3344; x_wconf 77' lang='lat'><strong>¹).</strong></span> <span class='ocrx_word' id='word_1_205' title='bbox 491 3253 630 3322; x_wconf 78' lang='lat' dir='ltr'><strong>Jodtcio</strong></span> <span class='ocrx_word' id='word_1_206' title='bbox 654 3257 810 3320; x_wconf 89' lang='lat' dir='ltr'><strong>dirimitur</strong></span> <span class='ocrx_word' id='word_1_207' title='bbox 832 3275 955 3342; x_wconf 87' lang='lat' dir='ltr'><strong>pugna,</strong></span> <span class='ocrx_word' id='word_1_208' title='bbox 980 3257 1008 3318; x_wconf 94' lang='lat' dir='ltr'><strong>si</strong></span> <span class='ocrx_word' id='word_1_209' title='bbox 1032 3258 1225 3338; x_wconf 84' lang='lat' dir='ltr'><strong>ostenditur,</strong></span> <span class='ocrx_word' id='word_1_210' title='bbox 1256 3261 1311 3322; x_wconf 89' lang='lat' dir='ltr'><strong>aui</strong></span> 
     </span>
     <span class='ocr_line' id='line_1_26' title="bbox 116 3367 1309 3448; baseline 0 -16"><span class='ocrx_word' id='word_1_211' title='bbox 116 3383 180 3432; x_wconf 92' lang='lat' dir='ltr'><strong>non</strong></span> <span class='ocrx_word' id='word_1_212' title='bbox 214 3371 253 3432; x_wconf 91' lang='lat' dir='ltr'><strong>de</strong></span> <span class='ocrx_word' id='word_1_213' title='bbox 278 3371 385 3432; x_wconf 89' lang='lat' dir='ltr'><strong>cadem</strong></span> <span class='ocrx_word' id='word_1_214' title='bbox 407 3389 443 3431; x_wconf 88' lang='lat' dir='ltr'><strong>re</strong></span> <span class='ocrx_word' id='word_1_215' title='bbox 466 3371 521 3430; x_wconf 88' lang='lat' dir='ltr'><strong>aut</strong></span> <span class='ocrx_word' id='word_1_216' title='bbox 544 3389 605 3430; x_wconf 89' lang='lat' dir='ltr'><strong>non</strong></span> <span class='ocrx_word' id='word_1_217' title='bbox 629 3367 686 3428; x_wconf 92' lang='lat' dir='ltr'><strong>sub</strong></span> <span class='ocrx_word' id='word_1_218' title='bbox 723 3367 832 3428; x_wconf 89' lang='lat' dir='ltr'><strong>eodem</strong></span> <span class='ocrx_word' id='word_1_219' title='bbox 866 3369 1015 3448; x_wconf 90' lang='lat' dir='ltr'><strong>respectu</strong></span> <span class='ocrx_word' id='word_1_220' title='bbox 1039 3379 1213 3430; x_wconf 88' lang='lat' dir='ltr'><strong>sermonem</strong></span> <span class='ocrx_word' id='word_1_221' title='bbox 1229 3383 1309 3448; x_wconf 86' lang='lat' dir='ltr'><strong>esse,</strong></span> 
     </span>
     <span class='ocr_line' id='line_1_27' title="bbox 118 3465 1307 3558; baseline -0.001 -18"><span class='ocrx_word' id='word_1_222' title='bbox 118 3483 174 3540; x_wconf 86' lang='lat' dir='ltr'><strong>ant</strong></span> <span class='ocrx_word' id='word_1_223' title='bbox 209 3479 330 3540; x_wconf 87' lang='lat' dir='ltr'><strong>demum</strong></span> <span class='ocrx_word' id='word_1_224' title='bbox 366 3475 447 3540; x_wconf 86' lang='lat' dir='ltr'><strong>idem</strong></span> <span class='ocrx_word' id='word_1_225' title='bbox 471 3491 532 3539; x_wconf 90' lang='lat' dir='ltr'><strong>nun</strong></span> <span class='ocrx_word' id='word_1_226' title='bbox 555 3465 705 3538; x_wconf 87' lang='lat' dir='ltr'><strong>affirmari</strong></span> <span class='ocrx_word' id='word_1_227' title='bbox 740 3473 895 3556; x_wconf 91' lang='lat' dir='ltr'><strong>simulque</strong></span> <span class='ocrx_word' id='word_1_228' title='bbox 918 3471 1027 3558; x_wconf 83' lang='lat' dir='ltr'><strong>negari</strong></span> <span class='ocrx_word' id='word_1_229' title='bbox 1039 3471 1080 3548; x_wconf 71' lang='lat'><strong>²).</strong></span> <span class='ocrx_word' id='word_1_230' title='bbox 1121 3475 1307 3557; x_wconf 89' lang='lat' dir='ltr'><strong>Interpretis</strong></span> 
     </span>
     <span class='ocr_line' id='line_1_28' title="bbox 114 3575 1307 3668; baseline 0.003 -22"><span class='ocrx_word' id='word_1_231' title='bbox 114 3599 193 3648; x_wconf 83' lang='lat' dir='ltr'><strong>vero</strong></span> <span class='ocrx_word' id='word_1_232' title='bbox 209 3577 406 3668; x_wconf 85' lang='lat' dir='ltr'><strong>potissimum</strong></span> <span class='ocrx_word' id='word_1_233' title='bbox 424 3583 585 3666; x_wconf 87' lang='lat' dir='ltr'><strong>provincia</strong></span> <span class='ocrx_word' id='word_1_234' title='bbox 610 3587 679 3662; x_wconf 86' lang='lat' dir='ltr'><strong>est,</strong></span> <span class='ocrx_word' id='word_1_235' title='bbox 705 3575 857 3666; x_wconf 85' lang='lat' dir='ltr'><strong>ejusmodi</strong></span> <span class='ocrx_word' id='word_1_236' title='bbox 879 3580 971 3646; x_wconf 87' lang='lat' dir='ltr'><strong>locos</strong></span> <span class='ocrx_word' id='word_1_237' title='bbox 994 3584 1057 3646; x_wconf 83' lang='lat' dir='ltr'><strong>rite</strong></span> <span class='ocrx_word' id='word_1_238' title='bbox 1079 3583 1307 3666; x_wconf 68' lang='lat' dir='ltr'><strong>interpretari,</strong></span> 
     </span>
     <span class='ocr_line' id='line_1_29' title="bbox 114 3683 791 3778; baseline -0.004 -21"><span class='ocrx_word' id='word_1_239' title='bbox 114 3685 163 3757; x_wconf 88' lang='lat' dir='ltr'><strong>ita</strong></span> <span class='ocrx_word' id='word_1_240' title='bbox 185 3697 220 3755; x_wconf 90' lang='lat' dir='ltr'><strong>ut</strong></span> <span class='ocrx_word' id='word_1_241' title='bbox 245 3684 344 3756; x_wconf 88' lang='lat' dir='ltr'><strong>omnis</strong></span> <span class='ocrx_word' id='word_1_242' title='bbox 368 3683 583 3756; x_wconf 86' lang='lat' dir='ltr'><strong>controversia</strong></span> <span class='ocrx_word' id='word_1_243' title='bbox 605 3684 737 3756; x_wconf 83' lang='lat' dir='ltr'><strong>tollatur</strong></span> <span class='ocrx_word' id='word_1_244' title='bbox 747 3689 791 3778; x_wconf 78' lang='lat'><strong>⁸).</strong></span> 
     </span>
    </p>

    <p class='ocr_par' dir='ltr' id='par_1_8' title="bbox 113 3789 1306 4208">
     <span class='ocr_line' id='line_1_30' title="bbox 208 3789 1306 3886; baseline 0.002 -22"><span class='ocrx_word' id='word_1_245' title='bbox 208 3801 250 3865; x_wconf 83' lang='lat' dir='ltr'><strong>At</strong></span> <span class='ocrx_word' id='word_1_246' title='bbox 285 3801 324 3864; x_wconf 90' lang='lat' dir='ltr'><strong>ob</strong></span> <span class='ocrx_word' id='word_1_247' title='bbox 347 3801 396 3864; x_wconf 89' lang='lat' dir='ltr'><strong>rei</strong></span> <span class='ocrx_word' id='word_1_248' title='bbox 429 3792 614 3886; x_wconf 82' lang='lat' dir='ltr'><strong>grauitatem</strong></span> <span class='ocrx_word' id='word_1_249' title='bbox 648 3801 739 3864; x_wconf 83' lang='lat' dir='ltr'><strong>nabis</strong></span> <span class='ocrx_word' id='word_1_250' title='bbox 775 3814 889 3883; x_wconf 86' lang='lat' dir='ltr'><strong>operae</strong></span> <span class='ocrx_word' id='word_1_251' title='bbox 918 3789 1053 3882; x_wconf 83' lang='lat' dir='ltr'><strong>pretium</strong></span> <span class='ocrx_word' id='word_1_252' title='bbox 1079 3820 1149 3864; x_wconf 89' lang='lat' dir='ltr'><strong>esse</strong></span> <span class='ocrx_word' id='word_1_253' title='bbox 1171 3795 1306 3883; x_wconf 78' lang='lat' dir='ltr'><strong>videtur,</strong></span> 
     </span>
     <span class='ocr_line' id='line_1_31' title="bbox 115 3901 1306 3994; baseline 0.001 -21"><span class='ocrx_word' id='word_1_254' title='bbox 115 3907 157 3973; x_wconf 87' lang='lat' dir='ltr'><strong>de</strong></span> <span class='ocrx_word' id='word_1_255' title='bbox 193 3907 428 3992; x_wconf 85' lang='lat' dir='ltr'><strong>enantiophauis</strong></span> <span class='ocrx_word' id='word_1_256' title='bbox 462 3901 642 3987; x_wconf 84' lang='lat' dir='ltr'><strong>historicis,</strong></span> <span class='ocrx_word' id='word_1_257' title='bbox 678 3909 881 3994; x_wconf 81' lang='lat' dir='ltr'><strong>dogmaticis,</strong></span> <span class='ocrx_word' id='word_1_258' title='bbox 916 3909 1087 3972; x_wconf 87' lang='lat' dir='ltr'><strong>moralibus</strong></span> <span class='ocrx_word' id='word_1_259' title='bbox 1111 3916 1206 3994; x_wconf 84' lang='lat' dir='ltr'><strong>atque</strong></span> <span class='ocrx_word' id='word_1_260' title='bbox 1230 3923 1306 3991; x_wconf 71' lang='lat' dir='ltr'><strong>prua</strong></span> 
     </span>
     <span class='ocr_line' id='line_1_32' title="bbox 113 4013 1306 4101; baseline 0.003 -24"><span class='ocrx_word' id='word_1_261' title='bbox 113 4013 254 4101; x_wconf 87' lang='lat' dir='ltr'><strong>pheticis</strong></span> <span class='ocrx_word' id='word_1_262' title='bbox 278 4017 440 4098; x_wconf 86' lang='lat' dir='ltr'><strong>speciatim</strong></span> <span class='ocrx_word' id='word_1_263' title='bbox 464 4017 614 4098; x_wconf 83' lang='lat' dir='ltr'><strong>quaedam</strong></span> <span class='ocrx_word' id='word_1_264' title='bbox 638 4015 846 4100; x_wconf 83' lang='lat' dir='ltr'><strong>subjungere,</strong></span> <span class='ocrx_word' id='word_1_265' title='bbox 877 4020 913 4078; x_wconf 89' lang='lat' dir='ltr'><strong>ut</strong></span> <span class='ocrx_word' id='word_1_266' title='bbox 936 4020 1057 4098; x_wconf 85' lang='lat' dir='ltr'><strong>pateat,</strong></span> <span class='ocrx_word' id='word_1_267' title='bbox 1082 4018 1121 4080; x_wconf 84' lang='lat' dir='ltr'><strong>td</strong></span> <span class='ocrx_word' id='word_1_268' title='bbox 1153 4031 1306 4100; x_wconf 48' lang='lat' dir='ltr'><strong>*quaenam</strong></span> 
     </span>
     <span class='ocr_line' id='line_1_33' title="bbox 113 4119 1303 4208; baseline 0.003 -22"><span class='ocrx_word' id='word_1_269' title='bbox 113 4122 149 4187; x_wconf 92' lang='lat' dir='ltr'><strong>in</strong></span> <span class='ocrx_word' id='word_1_270' title='bbox 173 4142 281 4188; x_wconf 92' lang='lat' dir='ltr'><strong>eorum</strong></span> <span class='ocrx_word' id='word_1_271' title='bbox 305 4124 531 4208; x_wconf 88' lang='lat' dir='ltr'><strong>compositione</strong></span> <span class='ocrx_word' id='word_1_272' title='bbox 555 4129 587 4186; x_wconf 88' lang='lat' dir='ltr'><strong>et</strong></span> <span class='ocrx_word' id='word_1_273' title='bbox 611 4125 817 4206; x_wconf 83' lang='lat' dir='ltr'><strong>explicatione</strong></span> <span class='ocrx_word' id='word_1_274' title='bbox 840 4119 982 4204; x_wconf 87' lang='lat' dir='ltr'><strong>inprimis</strong></span> <span class='ocrx_word' id='word_1_275' title='bbox 1005 4126 1225 4188; x_wconf 87' lang='lat' dir='ltr'><strong>attendendum</strong></span> <span class='ocrx_word' id='word_1_276' title='bbox 1250 4126 1303 4190; x_wconf 77' lang='lat' dir='ltr'><strong>sit·</strong></span> 
     </span>
    </p>
   </div>
   <div class='ocr_carea' id='block_1_7' title="bbox 146 4285 1305 4714">
    <p class='ocr_par' dir='ltr' id='par_1_9' title="bbox 146 4285 1305 4714">
     <span class='ocr_line' id='line_1_34' title="bbox 146 4285 1305 4354; baseline 0.002 -18"><span class='ocrx_word' id='word_1_277' title='bbox 146 4285 172 4354; x_wconf 59' lang='grc' dir='ltr'><strong>ξ)</strong></span> <span class='ocrx_word' id='word_1_278' title='bbox 192 4292 230 4336; x_wconf 83' lang='lat' dir='ltr'><strong>lta</strong></span> <span class='ocrx_word' id='word_1_279' title='bbox 246 4292 266 4338; x_wconf 69' lang='lat' dir='ltr'><strong>l·</strong></span> <span class='ocrx_word' id='word_1_280' title='bbox 278 4291 342 4351; x_wconf 73' lang='lat' dir='ltr'><strong>Bag.</strong></span> <span class='ocrx_word' id='word_1_281' title='bbox 361 4291 392 4352; x_wconf 89' lang='lat' dir='ltr'><strong>V,</strong></span> <span class='ocrx_word' id='word_1_282' title='bbox 406 4287 430 4338; x_wconf 89' lang='lat' dir='ltr'><strong>e.</strong></span> <span class='ocrx_word' id='word_1_283' title='bbox 446 4291 566 4338; x_wconf 79' lang='lat' dir='ltr'><strong>Salomon</strong></span> <span class='ocrx_word' id='word_1_284' title='bbox 581 4290 675 4350; x_wconf 75' lang='lat' dir='ltr'><strong>legitur</strong></span> <span class='ocrx_word' id='word_1_285' title='bbox 695 4290 794 4350; x_wconf 63' lang='lat' dir='ltr'><strong>nemos</strong></span> <span class='ocrx_word' id='word_1_286' title='bbox 809 4291 1002 4348; x_wconf 83' lang='lat' dir='ltr'><strong>praesepiorum</strong></span> <span class='ocrx_word' id='word_1_287' title='bbox 1012 4296 1059 4348; x_wconf 82' lang='lat' dir='ltr'><strong>pro</strong></span> <span class='ocrx_word' id='word_1_288' title='bbox 1078 4291 1150 4350; x_wconf 67' lang='lat' dir='ltr'><strong>suuis</strong></span> <span class='ocrx_word' id='word_1_289' title='bbox 1167 4285 1305 4351; x_wconf 63' lang='lat' dir='ltr'><strong>banniator</strong></span> 
     </span>
     <span class='ocr_line' id='line_1_35' title="bbox 190 4375 1303 4440; baseline 0 -14"><span class='ocrx_word' id='word_1_290' title='bbox 190 4385 281 4426; x_wconf 85' lang='lat' dir='ltr'><strong>eontra</strong></span> <span class='ocrx_word' id='word_1_291' title='bbox 303 4380 332 4428; x_wconf 71' lang='grc' dir='ltr'><strong>ΙΙ.</strong></span> <span class='ocrx_word' id='word_1_292' title='bbox 353 4379 516 4436; x_wconf 74' lang='lat' dir='ltr'><strong>(insomni,</strong></span> <span class='ocrx_word' id='word_1_293' title='bbox 541 4380 585 4426; x_wconf 81' lang='lat'><strong>25.</strong></span> <span class='ocrx_word' id='word_1_294' title='bbox 612 4381 665 4440; x_wconf 89' lang='lat' dir='ltr'><strong>ipsi</strong></span> <span class='ocrx_word' id='word_1_295' title='bbox 688 4378 836 4426; x_wconf 81' lang='lat' dir='ltr'><strong>tribuuntur</strong></span> <span class='ocrx_word' id='word_1_296' title='bbox 853 4381 941 4436; x_wconf 74' lang='lat'><strong>4⁰00,</strong></span> <span class='ocrx_word' id='word_1_297' title='bbox 962 4388 1026 4440; x_wconf 85' lang='lat' dir='ltr'><strong>quaa</strong></span> <span class='ocrx_word' id='word_1_298' title='bbox 1045 4387 1129 4440; x_wconf 70' lang='lat' dir='ltr'><strong>pugna</strong></span> <span class='ocrx_word' id='word_1_299' title='bbox 1151 4381 1207 4427; x_wconf 88' lang='lat' dir='ltr'><strong>sine</strong></span> <span class='ocrx_word' id='word_1_300' title='bbox 1226 4375 1303 4426; x_wconf 85' lang='lat' dir='ltr'><strong>dubio</strong></span> 
     </span>
     <span class='ocr_line' id='line_1_36' title="bbox 191 4463 1305 4529; baseline -0.002 -11"><span class='ocrx_word' id='word_1_301' title='bbox 191 4483 223 4518; x_wconf 88' lang='lat' dir='ltr'><strong>ex</strong></span> <span class='ocrx_word' id='word_1_302' title='bbox 240 4475 383 4529; x_wconf 80' lang='lat' dir='ltr'><strong>permutata</strong></span> <span class='ocrx_word' id='word_1_303' title='bbox 407 4471 486 4518; x_wconf 82' lang='lat' dir='ltr'><strong>litere</strong></span> <span class='ocrx_word' id='word_1_304' title='bbox 503 4470 630 4516; x_wconf 86' lang='lat' dir='ltr'><strong>numerali</strong></span> <span class='ocrx_word' id='word_1_305' title='bbox 656 4472 726 4516; x_wconf 60' lang='lat' dir='ltr'><strong>bss</strong></span> <span class='ocrx_word' id='word_1_306' title='bbox 743 4467 776 4514; x_wconf 78' lang='lat' dir='ltr'><strong>ld</strong></span> <span class='ocrx_word' id='word_1_307' title='bbox 795 4471 851 4516; x_wconf 79' lang='lat' dir='ltr'><strong>cum</strong></span> <span class='ocrx_word' id='word_1_308' title='bbox 875 4466 943 4517; x_wconf 83' lang='lat' dir='ltr'><strong>⁴t=‘=</strong></span> <span class='ocrx_word' id='word_1_309' title='bbox 963 4463 978 4516; x_wconf 75' lang='lat' dir='ltr'><strong>i</strong></span> <span class='ocrx_word' id='word_1_310' title='bbox 999 4471 1125 4529; x_wconf 68' lang='lat' dir='ltr'><strong>originem</strong></span> <span class='ocrx_word' id='word_1_311' title='bbox 1149 4472 1236 4518; x_wconf 75' lang='lat' dir='ltr'><strong>traua</strong></span> <span class='ocrx_word' id='word_1_312' title='bbox 1268 4472 1305 4516; x_wconf 80' lang='lat' dir='ltr'><strong>nn</strong></span> 
     </span>
     <span class='ocr_line' id='line_1_37' title="bbox 191 4554 1304 4622; baseline 0.001 -17"><span class='ocrx_word' id='word_1_313' title='bbox 191 4561 268 4606; x_wconf 85' lang='lat' dir='ltr'><strong>etiam</strong></span> <span class='ocrx_word' id='word_1_314' title='bbox 282 4559 338 4608; x_wconf 79' lang='lat' dir='ltr'><strong>Act.</strong></span> <span class='ocrx_word' id='word_1_315' title='bbox 359 4561 413 4617; x_wconf 84' lang='lat' dir='ltr'><strong>vn,</strong></span> <span class='ocrx_word' id='word_1_316' title='bbox 436 4561 479 4608; x_wconf 86' lang='grc'><strong>10.</strong></span> <span class='ocrx_word' id='word_1_317' title='bbox 499 4569 590 4606; x_wconf 88' lang='lat' dir='ltr'><strong>nomen</strong></span> <span class='ocrx_word' id='word_1_318' title='bbox 606 4559 765 4605; x_wconf 78' lang='lat' dir='ltr'><strong>Abraham</strong></span> <span class='ocrx_word' id='word_1_319' title='bbox 785 4558 820 4604; x_wconf 85' lang='lat' dir='ltr'><strong>sit</strong></span> <span class='ocrx_word' id='word_1_320' title='bbox 839 4555 983 4616; x_wconf 68' lang='lat' dir='ltr'><strong>intrusum,</strong></span> <span class='ocrx_word' id='word_1_321' title='bbox 1005 4561 1074 4619; x_wconf 78' lang='lat' dir='ltr'><strong>quod</strong></span> <span class='ocrx_word' id='word_1_322' title='bbox 1089 4554 1304 4622; x_wconf 71' lang='lat' dir='ltr'><strong>Genesilxx&#39;llt,</strong></span> 
     </span>
     <span class='ocr_line' id='line_1_38' title="bbox 192 4645 1304 4714; baseline 0.005 -20"><span class='ocrx_word' id='word_1_323' title='bbox 192 4651 233 4696; x_wconf 80' lang='grc'><strong>19.</strong></span> <span class='ocrx_word' id='word_1_324' title='bbox 246 4657 382 4714; x_wconf 68' lang='lat' dir='ltr'><strong>repugnat,</strong></span> <span class='ocrx_word' id='word_1_325' title='bbox 399 4649 533 4699; x_wconf 74' lang='lat' dir='ltr'><strong>ubidaeob</strong></span> <span class='ocrx_word' id='word_1_326' title='bbox 544 4645 676 4708; x_wconf 80' lang='lat' dir='ltr'><strong>praedium</strong></span> <span class='ocrx_word' id='word_1_327' title='bbox 689 4649 722 4696; x_wconf 83' lang='lat' dir='ltr'><strong>ad</strong></span> <span class='ocrx_word' id='word_1_328' title='bbox 737 4647 897 4706; x_wconf 82' lang='lat' dir='ltr'><strong>sepulturam</strong></span> <span class='ocrx_word' id='word_1_329' title='bbox 914 4651 1008 4699; x_wconf 67' lang='lat' dir='ltr'><strong>ambae</strong></span> <span class='ocrx_word' id='word_1_330' title='bbox 1025 4653 1156 4706; x_wconf 69' lang='lat' dir='ltr'><strong>namatus,</strong></span> <span class='ocrx_word' id='word_1_331' title='bbox 1173 4647 1304 4700; x_wconf 80' lang='lat' dir='ltr'><strong>dubitatur</strong></span> 
     </span>
    </p>
   </div>
   <div class='ocr_carea' id='block_1_8' title="bbox 155 4746 1089 4806">
    <p class='ocr_par' dir='ltr' id='par_1_10' title="bbox 155 4746 1089 4806">
     <span class='ocr_line' id='line_1_39' title="bbox 155 4746 1089 4806; baseline 0.003 -4"><span class='ocrx_word' id='word_1_332' title='bbox 155 4754 236 4804; x_wconf 70' lang='lat' dir='ltr'><strong>nerra.</strong></span> <span class='ocrx_word' id='word_1_333' title='bbox 253 4758 351 4806; x_wconf 79' lang='lat' dir='ltr'><strong>biblica.</strong></span> <span class='ocrx_word' id='word_1_334' title='bbox 371 4763 388 4804; x_wconf 80' lang='lat' dir='ltr'><strong>i.</strong></span> <span class='ocrx_word' id='word_1_335' title='bbox 1057 4746 1089 4805; x_wconf 75' lang='lat' dir='ltr'><strong>lb</strong></span> 
     </span>
    </p>
   </div>
   <div class='ocr_carea' id='block_1_9' title="bbox 0 0 1550 5286">
    <p class='ocr_par' dir='ltr' id='par_1_11' title="bbox 0 0 1550 5286">
     <span class='ocr_line' id='line_1_40' title="bbox 0 0 1550 5286; baseline 0 0"><span class='ocrx_word' id='word_1_336' title='bbox 0 0 1550 5286; x_wconf 95' lang='lat' dir='ltr'><strong> </strong></span> 
     </span>
    </p>
   </div>
  </div>
 </body>
</html>
