3118 5282
292 461 369 538 37²1

291 637 664 722 mystico-oiiepors'eu,
695 651 786 719 quam
816 631 902 697 vario
934 633 1025 696 modo
1057 637 1265 712 recoxcraut,
1295 607 1439 696 substitute.

291 747 361 826 Quo
387 745 590 824 factumest,
621 747 781 807 uteorum
798 741 1010 824 expositiones
1033 740 1214 825 spirituales
1236 740 1376 826 speciosis
1388 761 1438 824 qur·
1522 759 1523 768 ¹

291 855 362 919 dem
387 852 493 920 verbis
521 855 706 934 merentes,
736 855 769 914 at
789 850 989 914 fundamento
1011 849 1375 934 grammatico-historico
1400 850 1439 910 dc-

290 961 439 1042 stitntae,
464 981 525 1026 non
554 963 677 1040 essent,
700 958 762 1023 nisi
784 958 887 1022 inania
910 955 1029 1021 somnio
1052 963 1084 1022 et
1105 955 1264 1044 figmenta,
1288 978 1359 1042 quoe
1378 956 1436 1020 nuiii

293 1087 369 1135 sano
391 1087 497 1134 rerunt
520 1067 715 1133 aestimatori
738 1065 878 1131 arridere
900 1069 1043 1149 possunt.

379 1175 520 1262 Utraque
541 1175 763 1262 interpretatio
791 1195 810 1237 a
836 1173 902 1237 suis
926 1174 1057 1239 asseclis
1086 1175 1210 1240 diverso
1234 1177 1325 1241 modo
1347 1172 1442 1238 exerite

289 1283 362 1366 init,
392 1285 465 1349 dnm
487 1285 541 1350 aiii
563 1280 999 1373 promotior-historicam,
1030 1282 1084 1346 aiii
1106 1282 1442 1370 mystico-adegerioau

292 1397 347 1458 sut
383 1394 599 1475 moderarent,
636 1397 692 1457 aut
718 1393 858 1480 longius,
897 1392 959 1458 imo
990 1410 1090 1476 usque
1117 1395 1157 1457 ad
1187 1398 1339 1458 extremas
1365 1394 1446 1476 partes

293 1503 512 1585 extenderent,
549 1501 604 1566 aiii
633 1501 764 1567 aiteram
795 1521 864 1566 eum
893 1501 994 1566 nitere
1023 1501 1146 1566 ratione
1174 1503 1275 1566 minus
1304 1505 1370 1583 apta
1389 1517 1444 1560 ccr-

293 1610 401 1675 cillere
425 1607 664 1697 conarentnrt).
701 1609 931 1674 Recentissima
954 1613 1057 1673 aetate
1080 1609 1164 1673 inter
1185 1609 1380 1674 A'cathoiieos
1406 1625 1445 1668 ex·

291 1719 407 1800 titisse,
430 1719 496 1805 qui,
519 1739 589 1781 eum
605 1718 763 1804 exegesis,
787 1737 849 1800 qua
864 1717 1070 1782 confessionis
1093 1737 1168 1783 snae
1184 1723 1358 1783 sectatores
1371 1715 1398 1779 in
1410 1712 1445 1776 di·

292 1845 399 1893 versas
435 1831 543 1912 partes
574 1825 744 1890 distractos
774 1826 916 1890 viderent
928 1876 938 1910 ,
975 1825 1054 1912 ipsis
1086 1847 1148 1891 non
1180 1827 1390 1906 satisfaceret,
1420 1821 1447 1884 ad

292 1936 471 2000 methodum
509 1939 650 1999 veterum
683 1939 716 1999 et
748 1955 838 1999 usum
862 1940 1041 1999 suetorum
1077 1935 1208 1999 Petrum
1229 1935 1450 2007 reverterentur,

294 2043 356 2108 aiio
384 2043 456 2108 ioeo
484 2040 704 2131 ridebimus‘).
748 2043 819 2107 iioe
850 2043 923 2108 ioco
955 2043 1114 2127 notiores,
1153 2063 1231 2126 quas
1264 2043 1451 2107 Protestentcs

295 2151 518 2236 excoluerunt,
556 2151 785 2236 interpretandi
806 2151 947 2216 rationes
977 2151 1048 2235 plus
1078 2153 1216 2216 minusve
1248 2173 1268 2216 a
1300 2153 1383 2215 recte
1402 2152 1452 2209 tre·

294 2259 369 2324 mite
410 2260 526 2325 aderas
559 2259 669 2344 paneis
696 2279 862 2325 recensere
885 2280 922 2323 ac
954 2259 1126 2344 dijudicare
1151 2259 1252 2342 juvat.
1301 2261 1349 2324 Ad
1382 2253 1452 2318 ineu

294 2367 433 2450 potiores
458 2367 584 2432 illorum
606 2368 798 2451 interpretes
822 2367 1037 2452 subjiciemus,
1078 2372 1111 2432 et
1142 2367 1281 2434 ceuteies
1305 2368 1336 2430 in
1366 2365 1453 2428 iisdcn

294 2476 483 2562 usurpandis
515 2476 723 2542 observandas
751 2475 988 2564 assignabimus.

320 2653 483 2726 ¹),Proieato
504 2660 632 2712 illinitsta
658 2674 684 2710 s.
712 2661 873 2722 scripturam
896 2662 1083 2724 interpretandi
1110 2662 1229 2712 libertate
1256 2664 1417 2720 factumest,
1436 2661 1454 2704 ni

362 2753 416 2814 iam
441 2753 626 2802 reiormsteres
652 2753 705 2814 ipsi
732 2765 871 2814 eorumque
890 2754 968 2812 primi
994 2756 1139 2804 sectatores
1164 2755 1337 2816 inperpetuo
1361 2756 1419 2800 inter
1434 2762 1455 2796 se

366 2841 486 2891 condictu
513 2846 616 2904 essent,
641 2847 668 2891 et
693 2843 793 2903 quidem
820 2844 889 2890 circa
917 2845 1074 2904 praecipuos
1105 2845 1236 2892 doctrinae
1259 2845 1394 2902 articulos,
1418 2851 1454 2899 qus

367 2935 487 2992 spectant
509 2933 626 2994 dogmata
653 2934 684 2979 de
704 2933 802 2982 christi
824 2933 973 2992 praesentia
995 2933 1021 2980 in
1040 2933 1219 2994 iiueharistis,
1240 2935 1274 2982 de
1291 2935 1409 2996 baptismo
1428 2933 1456 2977 in·

367 3023 489 3084 tardum,
506 3023 538 3072 de
554 3021 759 3084 iustificatione,
779 3022 1015 3083 praedestinatione
1034 3023 1144 3084 aliisque
1162 3036 1213 3071 non
1234 3026 1337 3082 paneis.

317 3107 345 3176 ¹)
369 3115 431 3162 inde
458 3127 474 3160 s
492 3117 620 3174 tempore,
647 3126 697 3174 qno
717 3113 1079 3182 angniarnm‘deeiesiarum
1106 3115 1286 3162 scansiones
1312 3113 1384 3162 iteris
1407 3123 1457 3170 syu-
1521 3075 1522 3078 Ἴ

361 3205 462 3258 ,δολίοίι
488 3204 617 3255 stabilitas
650 3204 773 3260 inerunt,
804 3217 886 3264 usque
913 3206 946 3252 sd
969 3205 1076 3252 aiterum
1102 3206 1202 3252 saeeuii
1230 3206 1318 3254 xviii
1352 3204 1455 3251 dimidius

368 3307 456 3344 omues
479 3296 534 3342 iere
555 3291 761 3342 Protestantiuut
788 3295 909 3341 doctores
931 3307 982 3342 uuo
1002 3307 1048 3342 ore
1070 3293 1275 3354 profitebantur,
1316 3296 1457 3350 molitores

369 3385 471 3432 divinae
499 3385 625 3444 originis,
648 3387 675 3430 et
697 3385 865 3443 interpretem
883 3383 1015 3430 Ecclesiae
1040 3382 1090 3430 tide
1110 3385 1204 3430 teneri.
1234 3386 1353 3432 caeteris
1376 3386 1457 3429 teruen-

369 3475 451 3523 tiorse
467 3475 515 3522 inae
530 3475 555 3520 in
567 3486 597 3522 re
615 3477 690 3522 erant
702 3473 816 3532 theologi
833 3473 970 3534 dorenses,
985 3474 1132 3534 intorques
1146 3475 1219 3521 Join.
1237 3475 1395 3530 Gerhard,
1412 3473 1457 3518 iot.

369 3564 449 3612 titani.
476 3565 596 3612 tranent.
623 3567 650 3611 et
678 3563 924 3612 Jen.1eio—2a.
948 3564 1019 3614 dom.
1045 3565 1078 3612 ii.
1105 3578 1132 3625 p.
1153 3565 1205 3612 m
1232 3579 1293 3626 sqq.
1322 3572 1411 3626 septen
1425 3573 1457 3606 et·

371 3667 453 3702 nones
488 3655 520 3702 da
553 3655 763 3716 interpretatione
803 3666 826 3700 a.
864 3651 963 3714 script.
1001 3655 1156 3714 proposuit,
1195 3668 1306 3715 qnorum
1345 3657 1458 3718 assumtus

370 3746 496 3793 adurere
513 3746 600 3806 iurato

445 3835 476 3883 ii.
495 3834 583 3882 (imnis
598 3832 745 3894 Scripturas
765 3833 946 3894 interpretatio
968 3834 1120 3883 debetores
1140 3833 1199 3884 fidei
1213 3839 1330 3899 analoga.

444 3922 500 3972 vii.
529 3924 557 3970 ln
577 3922 727 3983 Scripturas
753 3924 967 3984 interpretatione
997 3928 1050 3972 tum
1075 3929 1208 3980 veterum,
1237 3932 1292 3975 tum
1313 3929 1459 3976 recentiores

272 4031 275 4036 ·
372 4013 506 4063 Eeeissine
526 4015 660 4062 donorum
672 4013 806 4061 uberibus
825 4017 898 4074 prata
915 4018 1000 4062 menta
1015 4015 1053 4062 uti
1077 4019 1104 4063 et
1116 4027 1255 4076 possumus
1274 4025 1302 4066 et
1317 4019 1432 4067 debenus.

444 4104 494 4152 Ast
508 4105 605 4164 nequet
626 4104 703 4150 annis
722 4104 908 4162 postmodium
928 4104 1056 4152 saeetdm
1077 4105 1167 4152 xviii.
1190 4109 1336 4156 extiterunt
1355 4105 1459 4164 dxcviii,

374 4206 481 4255 quom
507 4187 614 4255 seriptis
640 4206 731 4254 masna
747 4193 850 4242 ratione
869 4195 1090 4255 interpretationis
1108 4195 1219 4246 iniioiieae
1241 4200 1352 4247 mutatio
1373 4199 1459 4246 aidmta

372 4287 422 4332 sat.

443 4375 514 4422 Alter
536 4377 593 4422 erat
620 4373 671 4421 Jo.
694 4375 776 4434 Aug.
806 4375 980 4434 Ernesti,
1003 4377 1047 4438 qui
1070 4389 1118 4424 sua
1151 4378 1316 4429 institutione
1336 4375 1458 4438 interpretis

339 4452 348 4467 ’“
369 4451 403 4510 id.
424 4463 454 4510 'i‘-
474 4477 541 4511 anno
561 4466 638 4510 itti.
666 4465 773 4524 primum
795 4465 865 4511 edita
892 4469 1082 4526 grsmmatieam
1106 4470 1266 4527 potissimum
1291 4468 1460 4530 interpretatio·

366 4565 430 4626 'nent
446 4555 649 4614 commendarit,
661 4558 778 4602 statuens
799 4567 903 4605 sensnm
922 4558 948 4604 in
962 4557 1055 4605 divinis
1070 4557 1146 4605 itioris
1170 4571 1220 4606 nnn
1238 4561 1289 4607 alio
1307 4562 1378 4608 modo
1397 4565 1460 4614 neunt

372 4643 545 4705 maerenda·
562 4655 644 4705 usqne
666 4643 866 4697 commendem
892 4657 1044 4710 essequam
1063 4648 1090 4694 iu
1109 4647 1239 4704 numanis.
1266 4651 1333 4699 iicet
1355 4655 1459 4698 caeteros
