3092 5286
258 441 333 516 176

324 623 438 670 roman
458 622 606 683 domins,
624 621 677 670 toro
696 622 723 670 st
741 633 825 670 urae
853 621 931 682 dosa
958 619 1090 682 assutae
1107 633 1175 670 soso.
1214 617 1300 670 littam
1328 622 1441 682 slsgntss

324 713 506 772 expressiones
523 725 538 760 a
557 712 658 760 Joanus
678 713 802 772 saepius,
827 711 865 759 utl
884 711 936 768 ΙΙΙ,
957 711 1039 760 6-8.
1059 711 1109 768 lv,
1135 712 1235 758 6-15.
1257 712 1378 759 tt-ll.
1395 712 1440 773 xl,

328 803 578 868 11-1t.aotopo‚
601 797 688 872 σὰρξ,
707 796 798 871 ὕδωρ,
827 795 949 870 βρῶσις,
977 794 1091 870 βρῶμα,
1116 802 1209 867 scafis
1236 803 1314 850 modo
1334 805 1442 863 proprie,

325 894 401 942 modo
421 895 523 954 tropica
541 895 708 955 accipiuntur.

503 1105 531 1174 t·
548 1105 597 1164 us.
612 1103 786 1177 sompnum
802 1103 832 1162 ot
847 1101 996 1174 allorum
1011 1101 1213 1176 mantuano

343 1269 434 1347 Quod
457 1267 495 1330 ad
518 1268 715 1350 metaphoras
749 1273 781 1330 et
812 1264 979 1351 allegorias
1007 1269 1281 1349 interpretandas
1310 1273 1441 1349 spectat,
1538 1261 1539 1352 j

254 1375 452 1440 hauddubie
474 1375 599 1439 eaedem
622 1395 674 1438 res
697 1375 912 1460 respiciendae
936 1379 1024 1454 sunt,
1048 1375 1086 1437 ad
1111 1395 1188 1460 quas
1204 1375 1236 1436 iu
1252 1375 1442 1457 explicandis

253 1484 439 1569 imaginibus
461 1483 586 1548 biblicis
607 1483 780 1569 generatim
803 1484 1022 1547 attendendum
1039 1504 1109 1548 esse
1125 1483 1257 1547 diximus
1275 1482 1326 1571 (S.
1347 1483 1442 1573 11¹).
1538 1473 1539 1478 ἵ

253 1596 453 1677 Quapropter
475 1592 632 1676 interpres
654 1593 755 1677 primo
780 1593 915 1657 omnium
939 1592 1054 1658 claram
1077 1592 1236 1656 notionem
1262 1593 1329 1671 rei,
1361 1614 1438 1677 quae

254 1701 453 1784 metaphorae
469 1701 619 1780 inservit,
643 1700 765 1764 ratione
781 1700 886 1764 hahita
901 1720 1006 1764 rorum
1024 1699 1220 1784 antiquarum
1236 1705 1267 1763 et
1283 1701 1441 1785 cogitandi
1538 1691 1539 1696 ¹

252 1811 384 1874 rationis
401 1810 605 1874 Orientalium
622 1809 682 1873 silai
698 1807 846 1896 paret¹)3
863 1809 934 1872 deln
950 1809 1075 1873 collatis
1092 1809 1240 1874 subsidiis
1256 1809 1441 1874 hermeneu-

251 1919 326 1982 ticis
342 1919 425 1984 illam
443 1917 601 1982 notionem
617 1917 779 2002 explorare
796 1919 938 1998 studeat,
963 1938 1042 2002 qnae
1068 1917 1201 2004 imagine
1221 1923 1440 2000 repraesenta-

250 2032 313 2092 tur.
331 2027 479 2092 Subsidia
489 2047 574 2106 vero,
592 2046 670 2110 quae
683 2026 714 2088 in
727 2027 809 2090 huno
825 2023 917 2090 linem
931 2027 1155 2106 commendant,
1173 2027 1339 2110 sequentia
1353 2033 1441 2090 sunt:
1539 2095 1540 2100 γ

343 2143 373 2204 1.
397 2135 481 2199 Usus
496 2135 664 2219 loquendi,
681 2155 772 2218 quem
789 2135 881 2198 etiam
897 2136 930 2198 in
945 2136 1049 2221 tropis
1064 2135 1253 2219 explicandis
1269 2135 1443 2219 respicien·
1539 2207 1540 2216 ἵ

252 2245 324 2308 dum
340 2264 410 2308 esse
425 2245 543 2308 volunt.
568 2246 610 2308 at
626 2245 702 2308 lieet
719 2244 906 2323 locutiones,
923 2263 1004 2328 quae
1017 2246 1068 2309 vel
1083 2246 1115 2308 in
1130 2245 1242 2308 Biloliis
1256 2245 1440 2330 generatim,

251 2353 301 2416 vel
317 2370 335 2415 a
350 2351 501 2437 singulari
517 2358 646 2435 auctore
663 2359 751 2416 certo
769 2372 862 2417 sensu
876 2354 1002 2438 tropico
1018 2353 1134 2436 passim
1150 2357 1354 2436 usurpantur,
1370 2375 1445 2438 pro-

249 2460 384 2526 babilius
406 2461 437 2524 in
452 2463 524 2526 loco
541 2483 683 2549 quoque,
708 2485 770 2547 quo
794 2465 974 2546 exponendo
998 2483 1202 2546 occupamur,
1226 2461 1296 2546 pari
1319 2463 1442 2526 ratione

252 2570 472 2656 intelligendae
488 2571 560 2651 siut,
579 2571 722 2636 cautione
738 2579 841 2638 tamen
857 2571 914 2636 hae
931 2571 963 2635 in
979 2592 1014 2636 re
1030 2592 1109 2655 opus
1126 2576 1185 2652 cst,
1202 2591 1240 2634 ne
1253 2571 1325 2634 inde
1341 2571 1443 2634 minus
1539 2553 1540 2560 ἵ

253 2682 341 2742 certa
357 2683 410 2742 aut
425 2679 505 2742 falsa
519 2679 693 2744 interantur
709 2702 757 2760 eo,
775 2681 858 2766 quod
875 2681 981 2744 eadem
998 2680 1148 2766 cogitatio
1164 2685 1231 2744 tum
1247 2679 1441 2744 diversarum

253 2787 495 2873 cogitationum,
518 2793 585 2852 tum
610 2788 748 2871 ejusdem
775 2791 900 2854 diversa
923 2789 1045 2854 ratione
1068 2793 1217 2872 acceptae
1246 2788 1350 2874 imago
1377 2809 1446 2855 esse

251 2896 356 2980 possit
367 2893 411 2982 ⁸).
436 2899 534 2976 Quam
551 2897 684 2978 olorem,

340 3009 372 3070 2.
398 3025 467 3068 cum
495 3005 557 3069 soli
589 3007 662 3069 usui
693 3006 842 3090 loquendi
870 3001 1025 3068 fidendum
1055 3025 1117 3068 uon
1150 3003 1209 3082 sit,
1238 3023 1336 3086 porro
1368 3025 1442 3067 con·

253 3117 389 3193 textum,
412 3113 536 3178 dicendi
562 3115 773 3195 occasionem,
797 3113 957 3200 loquentis
979 3111 1125 3194 adjuncta
1150 3115 1243 3196 atque
1268 3113 1443 3191 consilium,

248 3223 409 3286 materiam
442 3224 631 3287 substratam
664 3228 757 3306 atque
780 3223 869 3286 locos
894 3221 1062 3307 parallelos
1096 3219 1128 3282 in
1154 3220 1303 3283 auxilium
1327 3242 1440 3286 vocare

249 3335 386 3412 oportet,
403 3336 438 3393 ut
454 3335 665 3416 cognoscatur
679 3331 779 3410 notio,
796 3351 874 3415 quae
891 3321 1017 3414 inr'agiui
1032 3328 1194 3415 sulcata).
1222 3331 1292 3408 Qua
1315 3331 1442 3393 notione
1540 3385 1541 3420 ,

247 3437 373 3502 inventa
388 3441 568 3523 metaphora
583 3439 615 3502 in
632 3437 864 3504 sirnilitudiuem
887 3437 1096 3516 conuertitur,
1120 3441 1151 3502 et
1167 3437 1250 3501 sicut
1265 3437 1321 3500 illa
1345 3438 1443 3520 expli·

249 3548 347 3609 canda
363 3543 468 3635 θεῖ’).

338 3656 428 3732 Quod
445 3655 477 3716 in
498 3655 603 3737 specie
620 3654 658 3716 ad
673 3653 859 3739 allegorias,
887 3673 966 3735 quae
988 3673 1045 3736 per
1062 3653 1153 3738 plura
1170 3652 1285 3716 similia
1301 3651 1439 3717 ellerun·

246 3765 316 3839 tur,
340 3761 536 3846 explicandas
553 3761 683 3842 attinet,
714 3763 766 3826 vix
791 3784 870 3847 opus
894 3767 959 3841 est,
983 3767 1034 3842 ut,
1059 3782 1138 3846 quae
1166 3780 1261 3846 supra
1287 3758 1338 3847 (S.
1364 3764 1438 3825 1¹1.

247 3875 313 3932 not.
331 3869 423 3956 to),
447 3870 501 3933 uhi
517 3871 555 3932 de
579 3869 764 3954 imaginibus
779 3869 952 3955 generatim
976 3889 1078 3934 sermo
1094 3868 1177 3948 luit,
1201 3870 1318 3932 deuon
1336 3869 1438 3932 inter·

247 3979 406 4059 pretandis
423 3978 595 4061 adjunctis,
619 3999 697 4062 quae
714 3981 752 4044 ad
769 3999 893 4042 sensum
909 3979 1001 4062 plane
1017 3977 1094 4042 nihil
1109 3977 1290 4059 conterunt,
1306 3997 1438 4061 praece-

246 4085 363 4168 pimus,
389 4087 449 4150 hoe
475 4087 546 4150 loco
571 4091 759 4170 repetamus.
790 4087 918 4152 lllonere
934 4090 1037 4150 tamen
1049 4083 1154 4166 juvat,
1178 4091 1214 4149 ut
1229 4085 1360 4170 provide
1379 4085 1435 4147 hac

246 4194 278 4256 in
295 4215 329 4258 re
346 4195 544 4277 procedatur.
569 4198 667 4274 Quem
691 4195 724 4258 in
738 4192 831 4257 finem
850 4193 1008 4276 interpres
1023 4194 1124 4278 primo
1143 4194 1278 4258 omnium
1306 4198 1436 4278 quaerat

244 4323 392 4366 sommam
414 4303 462 4366 rei
483 4303 779 4389 seucogitationem
802 4301 1015 4384 principalem.
1039 4305 1108 4380 Qua
1123 4302 1285 4384 explorata
1302 4321 1339 4364 ea
1355 4301 1433 4363 ima·
1540 4323 1541 4328 ¹

244 4411 327 4500 ginis
349 4411 515 4496 adjuncta,
552 4431 629 4496 quae
660 4412 698 4474 ad
721 4411 820 4494 ipsam
841 4409 932 4492 plane
957 4409 1034 4473 nihil
1059 4410 1194 4489 faciunt,
1224 4409 1269 4472 ita
1290 4414 1328 4472 ut
1354 4408 1438 4472 salua

245 4521 399 4586 sententia
422 4522 532 4586 abesse
555 4520 696 4604 possint,
721 4519 823 4606 solum
838 4505 877 4582 ad
898 4517 1062 4604 imaginem
1080 4517 1285 4582 exornandam
1304 4521 1336 4578 et
1357 4514 1436 4578 uivi-

244 4623 362 4694 diorem
384 4627 576 4696 efficiendam
599 4630 709 4696 adesse
732 4628 903 4708 censenda,
921 4631 954 4692 et
977 4631 1148 4711 propterea
1170 4647 1232 4690 non
1255 4623 1435 4706 explicanda
