3092 5286
1243 401 1323 477 217

131 580 263 664 cogitet,
290 599 327 642 ex
352 577 443 660 parte
464 575 646 640 abscondat.
674 577 717 640 At
739 575 883 640 voluntas
907 581 1040 641 mentem
1058 577 1212 662 pandendi
1229 585 1319 646 certo

133 686 355 774 cognoscitur:

224 798 256 859 1.
271 795 318 860 Ex
340 792 472 857 materia
494 794 668 872 substrata,
697 793 725 857 si
745 813 855 876 nempe
877 813 930 858 res
953 793 1057 878 aliqua
1072 815 1109 860 ex
1132 797 1215 860 omni
1230 801 1322 880 parte

130 903 359 982 consideratur,
375 904 542 980 tractatur,
559 901 739 983 exploratur
760 922 798 965 ac
818 901 995 965 vindicator
1008 893 1051 989 ²).
1065 900 1167 985 llujus
1185 903 1317 968 subsidii

132 1010 181 1074 vis
198 1014 339 1096 augetur,

224 1122 256 1183 2.
272 1118 301 1181 si
317 1115 443 1182 occasio
458 1116 509 1180 vel
524 1116 586 1180 alia
603 1116 749 1200 adjuncta
764 1119 927 1197 accedunt,
951 1137 1030 1202 quae
1051 1122 1211 1184 auctorem
1233 1117 1317 1184 exci-

128 1230 214 1306 tant,
230 1231 265 1289 nt
281 1229 414 1290 mentem
431 1244 517 1289 snam
534 1227 573 1288 do
589 1226 723 1289 materia
737 1225 842 1310 aliqua
857 1226 1042 1314 expuncta).

224 1337 257 1401 3.
273 1334 404 1398 Domum
417 1333 445 1398 si
456 1333 512 1396 elii
526 1333 601 1412 loci,
616 1334 717 1398 minus
731 1339 834 1398 tamen
851 1333 1000 1418 expliciti,
1020 1332 1202 1421 suffragium
1217 1335 1324 1400 ierunt

130 1461 191 1526 pro
208 1440 365 1524 ampliori,
389 1462 451 1525 quo
468 1440 624 1506 sententia
650 1463 688 1506 ex
709 1441 884 1507 intentione
905 1442 1064 1526 loquentis
1090 1443 1163 1508 hnic
1179 1443 1322 1528 subjecta

129 1551 249 1615 certius
266 1555 298 1614 et
314 1549 430 1616 olarios
447 1549 708 1637 cognoscatnr⁸).

158 1709 183 1778 ¹)
202 1717 241 1764 Ex
258 1717 307 1763 hoc
326 1717 410 1776 capite
434 1716 505 1764 circa
531 1716 731 1780 procidentiam
756 1718 876 1768 dietoma
901 1718 990 1766 ldetth.
1018 1717 1068 1779 Vl,
1094 1719 1128 1766 26
1148 1732 1228 1780 sqq„
1251 1718 1323 1766 elren

196 1805 418 1869 justificationem
440 1806 513 1853 llom.
532 1807 585 1862 111,
604 1807 739 1869 2¹4⁰„
768 1809 840 1855 cirea
864 1810 1003 1870 peecatum
1028 1807 1163 1870 oripiaole
1189 1809 1263 1855 Rom.
1290 1807 1323 1869 V,

207 1897 335 1956 1241„
355 1896 465 1956 dentque
484 1896 555 1944 etcca
571 1895 760 1945 necessitatene
771 1898 903 1947 donorum
921 1910 1032 1960 operam
1048 1898 1138 1946 Jacob.
1151 1899 1182 1956 ll,
1206 1899 1321 1946 10-28.

205 1987 297 2036 merito
315 1987 368 2034 loct
386 1987 491 2036 classici
509 1987 657 2036 laudantur.

155 2071 183 2139 ¹)
203 2079 259 2126 linc
278 2081 397 2138 spectet,
420 2078 444 2126 sl
467 2078 564 2127 Paulus
588 2076 698 2140 epistola
718 2079 896 2142 interrogatus
922 2078 1070 2128 corinthios
1095 2081 1127 2128 de
1148 2078 1321 2130 mactasse

205 2167 311 2216 lnsuult
329 2170 348 2216 1.
369 2168 429 2218 tior.
449 2168 505 2216 vn.

158 2251 184 2318 ⁸)
205 2258 250 2308 stc
267 2259 339 2307 locus
361 2260 438 2308 Josn.
458 2261 484 2319 1,
506 2259 602 2307 1-18.
620 2261 747 2321 proltxlns
772 2259 841 2309 Jess
861 2258 963 2310 stricti
983 2259 1102 2308 dictaeos
1118 2262 1247 2310 soterum
1271 2259 1320 2306 ad-

204 2352 310 2398 struens
328 2350 476 2398 enemente
499 2349 590 2398 uoto.
620 2349 679 2407 ru,
708 2349 751 2397 ar.
777 2363 835 2412 sqq.
864 2349 934 2407 rvr,
963 2351 1077 2398 so-es.
1101 2351 1187 2411 xvu,
1207 2350 1325 2398 ee-ss.

205 2439 295 2498 mli,
316 2440 360 2488 dt.
379 2453 435 2502 sqq.
455 2445 482 2488 st
500 2441 557 2488 altis
574 2439 747 2498 confirmatur.

607 2693 767 2770 CAPUT
795 2694 852 2769 111.

256 2869 292 2927 on
310 2868 392 2928 soors
411 2869 552 2929 romnus
570 2868 607 2928 sn
627 2867 744 2928 seusun
762 2867 973 2930 nmcommuu
992 2868 1202 2931 ooursmsus.

358 3055 385 3124 s.
403 3049 457 3112 let.
472 3051 509 3112 lto
524 3053 592 3112 locls
607 3053 681 3112 lutor
698 3064 729 3112 ee
745 3053 933 3126 comparando
947 3055 976 3112 ln
992 3065 1098 3126 genoe

226 3195 456 3259 Adminiculum
469 3195 663 3282 exegeticum
673 3196 799 3282 gravius
814 3202 846 3260 et
860 3195 1084 3280 frequentioris
1095 3213 1171 3258 usus
1183 3193 1234 3256 rix
1246 3213 1323 3275 pro·

132 3310 209 3384 stat,
223 3325 313 3389 quam
329 3304 358 3368 si
375 3325 445 3368 cum
460 3303 540 3368 locis
562 3301 754 3384 difficilibus,
777 3304 879 3367 dubiis
892 3309 924 3368 et
936 3304 1081 3368 obscuris
1100 3306 1320 3385 comparantur

129 3411 197 3491 alii,
214 3413 252 3476 de
269 3413 375 3477 eadem
391 3431 427 3476 ro
444 3417 583 3499 agentes,
602 3413 654 3497 qui
668 3413 733 3477 illis
748 3399 850 3476 lucem
866 3410 1010 3492 afferunt,
1027 3413 1100 3475 dnm
1114 3410 1164 3475 rel
1177 3409 1215 3474 ad
1227 3429 1317 3474 usum

129 3521 281 3605 loquendi
296 3523 558 3608 cognoscendum,
587 3521 636 3586 vel
661 3523 700 3586 ad
717 3527 843 3586 caetera
867 3507 1014 3600 subsidia,
1043 3541 1123 3606 qnae
1140 3539 1176 3582 ex
1191 3519 1320 3582 unirer·

131 3629 251 3694 salibus
268 3627 572 3718 cogitandi'legilrns
593 3631 783 3711 derivantur,
808 3631 870 3694 rite
893 3630 1066 3694 adhibenda
1080 3630 1210 3693 iaciunt.
1232 3615 1321 3691 Unde

131 3757 192 3822 per
208 3740 372 3804 decursum
396 3738 489 3823 hujus
504 3739 656 3804 sectionis
671 3739 850 3804 adminiculi
865 3739 958 3803 huius
973 3739 1090 3802 mentio
1112 3739 1237 3823 saepius
1256 3735 1322 3818 jam

131 3847 219 3911 iacta
233 3852 298 3927 est,
321 3847 370 3911 roi
384 3853 488 3913 tamen
503 3849 642 3934 gravitas
658 3848 846 3935 singularem
864 3849 963 3931 ipsius
980 3847 1206 3931 expositionem
1229 3845 1320 3928 petit.

225 3956 379 4022 Generalo
404 3977 500 4034 vero,
525 3953 608 4040 quod
635 3943 673 4021 de
700 3957 811 4022 horum
828 3957 970 4020 locorum
993 3973 1053 4020 usu
1067 3955 1172 4034 valet,
1200 3953 1321 4038 prioci-

130 4065 218 4149 pinm
248 4064 282 4127 iu
313 4085 351 4128 oo
377 4065 542 4146 consistit,
567 4066 651 4151 quod
672 4068 787 4148 plores
808 4069 887 4148 loci,
916 4068 972 4148 poi
991 4067 1035 4129 dc
1055 4065 1172 4130 codem
1193 4081 1233 4126 re
1257 4061 1320 4126 scd

133 4173 249 4236 eodem
278 4167 440 4256 rcepcctre‘
463 4185 580 4258 apsent,
611 4184 722 4239 moneo
745 4195 823 4240 sese
846 4177 1014 4239 illustrant
1034 4182 1131 4254 otone
1155 4172 1323 4255 deficiunt,

133 4282 300 4344 dnmmodo
317 4287 438 4346 certum
455 4283 514 4365 sit,
539 4289 701 4348 auctorem
715 4281 781 4346 loci
797 4282 970 4365 exponendi
984 4289 1093 4346 tenere
1115 4280 1214 4358 idem,
1239 4277 1323 4361 quod

132 4388 199 4454 loci
213 4389 266 4452 alii
284 4390 485 4474 comparandi
502 4391 638 4456 edicunt.

224 4497 271 4560 ldx
293 4497 355 4561 hoc
379 4499 546 4582 principio,
571 4500 659 4583 cujus
682 4499 800 4563 veritas
815 4496 1000 4581 probatione
1023 4517 1087 4560 non
1108 4493 1239 4577 indiget,
1267 4510 1321 4553 ro-

133 4597 227 4691 gulae
261 4606 415 4692 speciales
449 4627 507 4690 pro
542 4609 684 4672 locorum
719 4607 852 4671 istorum
884 4627 943 4670 usu
977 4607 1092 4688 sponte
1127 4602 1321 4684 sequnntnr3
