3120 5294
1240 445 1314 520 125

120 624 322 688 considerare
345 627 549 706 promimam,
574 622 627 704 qui
650 628 699 686 est
723 643 819 686 nexos
842 621 976 704 partium
1002 622 1092 684 ouius
1115 620 1314 704 ejusdemque

118 731 361 814 propositionis,
383 737 551 809 remotam,
577 728 630 812 qui
653 735 702 791 est
724 747 820 791 nexus
843 728 1069 810 propositionis
1093 729 1222 792 alterius
1246 749 1315 791 cum

118 837 242 916 altera,
270 843 476 902 remotiorem
499 837 648 919 denique,
674 835 727 918 qui
750 843 799 900 est
822 857 918 901 nexus
934 841 1060 899 mutuus
1083 834 1219 919 plurium
1235 856 1312 920 pro·

118 945 314 1030 positionum
330 965 386 1009 seu
401 946 501 1009 totius
519 944 681 1008 orationis.

212 1055 258 1116 Dc
282 1053 415 1138 singulis
440 1058 605 1134 contextus
628 1051 793 1135 speciebus
812 1051 876 1133 jam
900 1052 1055 1132 dicemus,
1080 1051 1111 1114 in
1134 1049 1197 1115 line
1222 1071 1317 1133 qnas-

117 1165 189 1226 dam
206 1163 491 1226 animadversiones
506 1160 669 1246 generales
685 1157 882 1240 subjuncturi
892 1158 945 1246 ¹i).

144 1287 175 1352 ⁰)
196 1292 234 1338 De
254 1296 374 1339 contextu
396 1292 445 1338 boc
468 1293 527 1337 loco
553 1289 653 1348 agitur,
684 1290 744 1350 quis
762 1289 818 1348 ejus
849 1287 975 1348 probandi
1003 1288 1043 1334 ris
1072 1289 1098 1334 tn
1127 1289 1317 1336 universalibus

195 1381 325 1440 cogitandi
345 1379 448 1440 legibus
469 1379 593 1426 tundetur
612 1377 649 1438 (s.
667 1377 738 1438 η),
766 1377 897 1438 quamvis,
926 1377 948 1423 si
973 1377 1091 1424 indolem
1110 1377 1186 1436 hujus
1208 1375 1318 1424 subsidii

194 1473 313 1528 spectes,
333 1473 461 1530 quatenus
489 1469 633 1528 scriptores
659 1467 745 1515 biblici
773 1467 824 1525 ipsi
850 1467 877 1512 ln
906 1468 995 1514 eadem
1017 1467 1146 1513 orationis
1167 1467 1236 1514 seris
1256 1479 1317 1514 suas

193 1561 377 1620 expressiones
397 1561 580 1620 obscuriores,
607 1571 685 1618 vagas
709 1569 739 1604 sc
758 1558 891 1616 ambiguas
911 1557 1048 1616 exemplis,
1075 1559 1224 1616 synonymis
1245 1557 1317 1603 sltls-

193 1663 244 1710 qne
262 1650 442 1698 additamentis
465 1651 617 1696 clarioribus
639 1649 780 1708 explicant,
808 1651 841 1694 sd
860 1649 998 1706 praecluus
1020 1659 1082 1693 oeus
1101 1648 1221 1705 loquendi
1240 1649 1318 1695 tasti-

196 1741 283 1787 monia
302 1741 402 1788 directa
421 1741 516 1788 reterri
534 1741 634 1787 debeat.
653 1740 730 1787 cont.
750 1739 790 1798 ss.
809 1741 854 1784 22.
877 1738 920 1783 lt.

453 1881 483 1948 s.
500 1875 540 1934 m.
556 1876 705 1934 mutemus
721 1875 826 1948 roncas
841 1877 990 1946 prostrans.

213 2007 291 2072 (lum
316 2007 447 2092 exlege
471 2007 669 2085 necessaria,
700 2026 718 2067 a
742 2023 803 2089 qna
826 2005 908 2068 ratio
934 2003 1086 2066 neminem
1110 2001 1226 2082 solvit,
1251 2003 1317 2065 sin-

117 2117 211 2202 gulae
226 2115 461 2200 propositiones
485 2113 635 2178 unitatem
659 2115 793 2198 aliquam
819 2111 977 2196 alliciant,
1002 2113 1142 2194 adeoque
1173 2109 1314 2196 singulae

120 2227 260 2309 ipsarum
284 2229 391 2308 partes
409 2222 597 2288 concinnare
609 2220 789 2286 necessario
807 2220 950 2300 debeant,
975 2241 1033 2304 pro
1050 2218 1313 2302 interpretatione

120 2330 372 2414 propositionum
397 2330 587 2418 singularum
615 2329 721 2416 gravis
753 2327 900 2392 momenti
935 2327 1045 2414 regula
1076 2347 1113 2390 ae
1145 2327 1317 2391 subsidium

121 2439 238 2522 prodit,
264 2439 347 2522 qood
367 2459 478 2522 nernpe
502 2442 753 2524 capnitapartse
768 2439 815 2503 ad
838 2441 1033 2502 sententiam
1055 2438 1203 2518 aliquam
1218 2455 1317 2518 epec-

118 2553 225 2612 tantis
252 2551 384 2612 notione
398 2549 548 2630 reliquae
558 2558 673 2632 partes
688 2551 735 2612 ita
750 2549 820 2611 aas
839 2547 1072 2629 exponendae,
1089 2555 1125 2610 at
1140 2545 1186 2608 ad
1203 2548 1318 2625 copat-

123 2665 192 2720 tom
208 2658 380 2738 quadrent.

214 2762 303 2827 Unde
337 2783 373 2826 ex
408 2769 483 2826 noto
517 2761 659 2844 subjecto
684 2763 722 2825 ad
757 2763 946 2825 conveniens
970 2759 1201 2843 praedicatum,
1227 2765 1321 2826 etex

124 2877 200 2936 noto
226 2871 421 2934 substantivo
445 2871 484 2932 ad
509 2870 697 2934 conveniens
721 2869 908 2952 adjectivum
924 2869 974 2930 vel
990 2870 1029 2932 ad
1045 2867 1129 2932 aliud
1146 2869 1319 2932 substanti-

122 3001 196 3044 uum
217 2978 404 3062 adpositum,
434 2999 470 3040 ex
486 2980 632 3042 adverbio
651 2980 689 3041 ad
707 2979 866 3042 notionem
882 2977 1036 3054 vocabuli,
1061 2978 1100 3040 ad
1125 2977 1207 3060 quod
1225 2997 1319 3060 spec-

123 3094 172 3151 tat
190 3095 251 3150 etc.
270 3085 299 3174 ¹)
329 3093 360 3150 et
383 3087 449 3150 vice
477 3106 567 3150 versa
585 3085 627 3174 ²),
652 3088 772 3170 paucis,
797 3108 833 3150 ex
857 3085 955 3148 certis
979 3085 1017 3146 ad
1041 3084 1233 3148 incertorum
1262 3106 1322 3147 no-

123 3197 243 3260 tionem
278 3195 466 3258 concludere
496 3195 581 3258 licet.
621 3194 742 3273 Quodsi
769 3193 905 3276 positiva
930 3193 1018 3256 notio
1047 3193 1173 3275 saepius
1202 3213 1238 3256 ex
1262 3191 1321 3256 hac

125 3305 235 3390 regula
258 3324 319 3366 non
343 3307 446 3386 patet,
481 3302 553 3386 quia
579 3303 686 3385 plures
713 3303 859 3366 notiones
887 3300 1061 3364 sententiae
1093 3301 1235 3386 integrae
1267 3305 1322 3364 aut

129 3412 225 3496 parti,
250 3412 397 3496 adquam
415 3417 569 3494 spectant,
585 3411 777 3494 respondere
793 3415 925 3494 possunt
941 3407 992 3494 ³),
1013 3409 1189 3494 negativum
1213 3409 1324 3474 saltem

126 3526 316 3584 momentum
332 3525 473 3602 praestat
492 3519 612 3604 regula,
636 3520 718 3604 quod
742 3538 852 3602 nempe
875 3517 962 3582 notio
979 3539 1041 3581 non
1058 3517 1244 3582 conveniens
1260 3539 1322 3580 non

128 3630 172 3692 sit
188 3632 331 3710 spectata
346 3629 384 3690 ab
401 3632 531 3690 auctore
548 3624 591 3713 ⁴).

153 3755 177 3818 ¹)
197 3757 243 3804 Sic
262 3756 338 3802 toan.
357 3756 406 3814 lll,
428 3758 471 3802 et.
493 3749 505 3800 ὁ
526 3755 608 3802 ποιῶν
627 3753 674 3812 τὴν
693 3750 840 3812 ἀλήθειαν,
868 3755 913 3817 psss'
938 3753 1010 3816 facit
1027 3753 1185 3808 ceritatem,
1207 3765 1239 3798 ex
1258 3750 1322 3798 sub·

197 3847 270 3908 jecto
288 3839 301 3891 6
320 3845 402 3892 ποιῶν
421 3851 508 3904 potet,
535 3839 665 3904 ἀλήθειαν
687 3847 840 3909 practicam
863 3845 1038 3906 religionem,
1059 3845 1175 3904 adeoque
1198 3843 1323 3906 prodita-

202 3941 254 3984 tem
281 3935 412 3995 indicere,
441 3935 518 3983 blare.
538 3937 574 3997 X,
596 3937 639 3983 18.
666 3929 751 3992 οὐδεὶς
778 3930 896 4000 ἀγαθός,
925 3928 947 3981 εἰ
972 3931 1008 3998 μὴ
1035 3924 1085 3989 εἷς,
1115 3927 1226 3990 ὀΘεός,
1246 3947 1323 3980 nemo

203 4029 246 4074 est
272 4027 370 4081 boans,
389 4029 503 4087 praeter
527 4039 607 4073 unam
630 4027 727 4082 Deum,
747 4039 778 4071 ex
804 4025 964 4072 substantivo
988 4018 1054 4077 Θεός
1079 4025 1174 4082 liquet,
1195 4023 1324 4082 adjectivo

203 4112 308 4180 ἀγαθός
336 4116 466 4162 notionem
492 4117 622 4178 optimas,
648 4115 864 4179 perfectissimus
888 4115 1045 4172 adbaerer03
1071 4115 1097 4158 in
1117 4113 1219 4171 verbis,
1247 4114 1323 4160 Josn.

202 4207 252 4264 Vl,
274 4206 317 4252 55.
347 4205 438 4265 „Caro
463 4217 523 4251 mea
549 4219 615 4252 vere
643 4199 782 4268 (ἀληθῶς)
815 4210 856 4252 est
882 4204 969 4257 cibus,
991 4207 1018 4248 et
1036 4202 1147 4261 scapeia
1168 4215 1240 4250 messe
1260 4217 1325 4249 nere

206 4289 344 4355 (ἀληθῶς)
369 4297 410 4342 est
428 4296 539 4356 potam,
559 4295 706 4343 adverbium
725 4287 839 4350 ἀληθῶς
858 4295 897 4340 bis
918 4293 1058 4352 repetitum
1079 4293 1177 4352 innuit,
1197 4305 1245 4350 per
1264 4305 1323 4338 car-

203 4398 262 4431 nem
281 4389 308 4432 et
326 4385 475 4444 sanguinem
493 4387 592 4432 Domini
610 4398 672 4431 vere
697 4388 723 4429 et
742 4385 846 4443 proprie
873 4383 956 4429 eibum
982 4387 1008 4430 et
1034 4385 1138 4440 potum,
1164 4393 1215 4426 non
1242 4386 1324 4427 eutem

206 4475 348 4534 improprie
368 4476 508 4520 doctrinam
527 4474 716 4533 intelligendam
735 4485 803 4519 esse.

156 4559 183 4626 ²)
204 4566 385 4620 Josn.t,10.
405 4559 418 4609 ὁ
437 4560 535 4627 κόσμος
561 4559 600 4612 δι’
619 4557 700 4611 αὐτοῦ
718 4555 830 4624 ἐγένετο,
850 4553 963 4608 mundns
984 4573 1035 4622 per
1060 4560 1147 4622 ipsam
1167 4556 1258 4617 factas
1278 4561 1324 4615 est,

208 4667 238 4699 ex
261 4654 410 4711 praeelecto
436 4647 533 4717 ἐγένετο
556 4655 653 4714 liquet,
674 4653 792 4698 mundum
813 4653 962 4710 physicum,
982 4663 1033 4695 non
1050 4648 1183 4705 moralem,
1203 4649 1232 4691 nt
1248 4647 1325 4692 Soci-
