3120 5294
237 500 288 574 68

313 685 485 737 commutant,
515 684 540 728 et
569 693 634 742 quae
662 685 723 730 suot
750 681 799 728 alla
826 681 980 742 hujusmodl.
1015 681 1127 732 catera
1152 683 1184 730 de
1208 683 1314 732 lesora
1332 685 1394 732 vide
1413 687 1439 732 ta

311 775 558 828 Aeternaun,
590 773 687 820 lutrod.
717 773 743 820 ln
769 773 798 820 V.
827 774 856 820 p,
876 785 935 834 pat.
958 775 1008 822 1⁰0
1028 787 1085 834 req.
1115 774 1318 834 stllerbst,
1339 776 1439 824 Elatei-

312 867 376 923 tung
395 876 453 924 pap.
477 865 527 910 llll
546 875 601 924 req.

454 1075 481 1142 s·
498 1075 537 1136 sl
558 1073 721 1134 madauris
736 1073 898 1133 ludaeorum
913 1077 1038 1148 urantur
1054 1075 1084 1134 rt
1098 1075 1216 1138 utllltaa

329 1257 420 1336 Eam,
446 1278 536 1340 quam
558 1259 720 1340 bucusque
743 1259 984 1342 descripsimus,
1018 1259 1217 1323 traditionem
1241 1257 1436 1344 cognitionis

241 1372 369 1431 nostrae
382 1367 599 1430 hebraicorum
616 1372 681 1429 tum
702 1365 842 1430 lexicalis
856 1371 923 1430 tum
938 1367 1181 1453 grammaticalis
1202 1366 1437 1431 fundamentum
1546 1355 1547 1366 l

239 1497 321 1557 esse,
339 1497 375 1538 ex
388 1476 481 1538 dietis
492 1474 584 1538 facilc
597 1475 796 1561 intelligitur.
820 1476 942 1540 Etenim
959 1497 996 1540 ex
1011 1475 1081 1559 ipsa
1096 1476 1291 1558 antiquitate,
1307 1476 1436 1561 linguae

238 1584 404 1648 hebraicae
419 1604 531 1668 gnara,
548 1603 606 1664 per
620 1583 724 1647 fontes
739 1583 915 1649 recensitos
931 1585 970 1647 ad
987 1605 1045 1648 nos
1060 1588 1235 1669 propagata
1251 1581 1323 1670 (SS.
1336 1585 1435 1649 34-

237 1690 302 1779 bo)
326 1691 487 1756 materiam
509 1691 741 1774 subministrat,
765 1711 856 1773 quam
877 1693 916 1756 ad
932 1692 1175 1774 comparationis
1189 1696 1255 1756 tum
1270 1692 1437 1754 interioris

239 1805 304 1864 tum
325 1800 530 1866 dialectorum
552 1800 639 1887 leges
662 1801 829 1865 examinari
849 1821 886 1865 ac
907 1801 1059 1884 perpendi
1079 1804 1241 1883 oporteat,
1266 1799 1313 1863 ita
1334 1803 1373 1861 nt
1395 1799 1435 1861 ad

238 1909 377 1973 subsidia
388 1907 580 1996 philologica
591 1930 653 1972 non
664 1909 748 1974 aliud
759 1910 924 1992 pertineat,
936 1909 997 1974 nisi
1008 1908 1219 1990 traditionem,
1232 1907 1286 1972 ubi
1298 1907 1435 1972 obscura

237 2022 293 2082 aut
308 2018 428 2082 incerta
442 2017 556 2098 luerit,
579 2017 756 2096 illustrare,
782 2017 953 2100 dijudicare
969 2039 1006 2082 ac
1021 2015 1166 2099 firmare,
1189 2016 1243 2080 ubi
1258 2036 1317 2080 nos
1333 2015 1435 2078 desti-

236 2127 349 2205 tuerit,
374 2126 521 2207 supplere
534 2122 575 2212 ¹).
611 2128 698 2204 Quae
715 2147 785 2188 cum
802 2127 847 2190 ita
862 2127 941 2206 sint,
966 2127 1068 2190 adbuc
1084 2125 1234 2208 quosdam
1250 2144 1342 2188 casus
1358 2143 1434 2206 spe·

238 2234 351 2313 ciales,
375 2233 407 2296 in
430 2234 542 2316 quibus
565 2233 688 2318 linguae
708 2231 792 2296 sacri
808 2234 927 2298 codicis
943 2233 1107 2298 hebraicae
1122 2233 1331 2318 investigator
1344 2232 1435 2294 utili-

236 2346 334 2406 tatem
349 2340 529 2404 traditionis
544 2340 695 2426 singulari
710 2341 803 2404 modo
821 2343 995 2424 experitur,
1016 2343 1192 2408 nominasse
1208 2339 1363 2405 sufficiat:

331 2452 362 2514 1.
387 2447 463 2530 Ejus
480 2467 539 2529 ope
556 2444 644 2522 ἅπαξ
665 2447 814 2534 λεγόμενα
831 2454 864 2512 et
886 2449 1025 2530 rariora,
1055 2469 1133 2534 quac
1149 2449 1245 2530 alias,
1268 2449 1323 2511 ubi
1339 2449 1434 2512 etiam

237 2561 404 2622 contextus
426 2577 488 2618 non
510 2555 685 2636 succurrit,
714 2563 803 2622 certo
830 2557 980 2644 cognosci
997 2579 1060 2622 non
1076 2562 1226 2641 possunt,
1250 2557 1435 2640 plerumque

238 2665 366 2752 egregie
392 2663 587 2747 explicantur
603 2663 652 2752 ²);

330 2777 363 2840 2.
389 2770 458 2855 ejus
482 2773 665 2838 testimonio
698 2795 942 2859 synonymorum
974 2773 1249 2840 dissimilitudines
1273 2792 1433 2856 saepenu-

239 2901 327 2946 mero
350 2879 560 2968 sagacissime
584 2879 777 2946 delininntur
793 2878 845 2970 ⁸),

326 2993 359 3058 3.
384 2989 520 3074 donique
544 3011 630 3073 vera,
655 3011 735 3076 quae
759 2993 897 3058 caeteris
922 2992 1075 3056 subsidiis
1091 2989 1230 3054 invenire
1245 2987 1429 3074 contigerit,

237 3097 306 3183 ejus
329 3097 482 3184 suffragio
513 3097 582 3182 plus
606 3098 747 3163 minusve
771 3100 943 3183 perspicuo
967 3099 1132 3164 firmantur
1148 3087 1190 3183 *).

327 3205 376 3270 Ne
400 3227 476 3270 vero
500 3206 532 3270 in
556 3207 615 3270 bae
639 3229 676 3272 re
700 3208 732 3270 in
757 3228 900 3272 errorem
924 3207 1127 3286 inducamur,
1151 3209 1283 3290 praeter
1307 3205 1432 3268 cautio·

235 3336 312 3396 nes,
344 3335 424 3400 quas
447 3335 507 3399 pro
531 3317 710 3382 versionum
735 3337 794 3380 usu
817 3315 1085 3400 praescripsimus
1109 3315 1160 3402 (§·
1176 3312 1251 3401 37),
1277 3312 1431 3376 adhiben-

235 3425 311 3504 das,
346 3424 440 3488 etiam
474 3424 508 3488 in
542 3423 748 3490 consulendis
783 3425 975 3490 Talmudiois
1010 3425 1209 3507 eaeterisque
1242 3421 1432 3488 ludaeorum

236 3531 421 3596 doctoribus
450 3530 682 3614 circumspecto
715 3533 805 3596 nobis
837 3533 1071 3616 procedendum
1097 3552 1186 3614 esse,
1220 3534 1351 3615 praeter
1374 3529 1431 3592 de·

236 3639 389 3721 scriptam
413 3659 524 3702 eorum
548 3639 685 3704 indolem
709 3641 802 3704 obvia
825 3661 995 3724 perversae
1018 3641 1209 3706 ludaeorum
1233 3638 1430 3722 interpreta-

237 3747 333 3812 tionis
359 3745 501 3830 exempla
524 3748 656 3812 innuunt
672 3738 715 3836 ⁵).

329 3855 530 3938 Quapropter
561 3863 597 3921 nt
625 3878 811 3939 caveamus,
847 3879 885 3922 ne
922 3880 1032 3925 eorum
1062 3857 1264 3942 conjecturas
1289 3861 1321 3919 et
1345 3855 1432 3918 arbi·

239 3963 361 4029 trarias
386 3962 614 4046 explicationes
637 3987 697 4049 pro
722 3965 921 4050 antiquorum
935 3966 1113 4032 ,traditione
1139 3983 1316 4043 sumamus,
1347 3961 1430 4026 alios

237 4092 307 4134 eum
330 4069 416 4151 aliis,
450 4072 642 4153 praesertim
678 4075 878 4139 recentiores
914 4095 982 4138 cum
1017 4071 1266 4158 antiquioribus,
1302 4089 1430 4151 compa·
1541 4109 1542 4122 κ

236 4199 312 4243 rare
329 4176 462 4261 jurabit,
486 4199 549 4263 quo
573 4179 639 4264 liet,
664 4203 703 4247 ne
722 4181 875 4264 judicium
899 4190 1043 4249 nostrum
1064 4182 1165 4266 possit
1179 4179 1274 4244 lacile
1291 4179 1429 4242 deviare.
1541 4237 1542 4276 ,

263 4341 288 4406 ¹)
307 4347 345 4394 De
364 4344 512 4394 traditionis
538 4346 693 4397 ludaeorum
720 4351 879 4410 praestantia
904 4350 1040 4411 praeclare
1068 4347 1161 4396 scribit
1187 4343 1429 4394 Delltascblus

307 4437 326 4486 l.
346 4447 367 4482 c.
387 4447 413 4494 p.
434 4435 487 4483 572
518 4437 607 4494 „llaec
625 4439 697 4488 basis
716 4443 759 4488 cst
777 4444 804 4488 et
821 4441 1025 4499 mndamentum,
1046 4439 1115 4500 qnod
1133 4439 1199 4485 bens
1217 4448 1315 4496 nosse,
1334 4433 1360 4480 ¹1¹
1379 4445 1429 4492 ‘1¹¹⁰
1540 4441 1541 4470 ³

306 4527 386 4588 pedes
405 4537 505 4586 ponere
524 4529 601 4577 debet
626 4529 729 4590 linguae
754 4532 890 4579 hebreicae
916 4534 1066 4590 scrutatora
1095 4529 1152 4576 slne
1179 4528 1254 4588 crpus
1280 4524 1430 4584 cognitione

306 4621 426 4667 accurata
444 4617 598 4668 elsudlcsbit
613 4625 638 4670 et
653 4621 792 4681 vacillablt,
813 4620 936 4682 quidquid
954 4621 1082 4682 ingeniolo
1103 4632 1150 4667 suo
1169 4618 1248 4666 tultus
1269 4615 1427 4664 invensrlw.

259 4704 285 4770 ²)
305 4711 379 4759 conl.
399 4709 425 4768 s.
444 4709 493 4766 bd,
514 4713 578 4759 nott.
601 4708 627 4758 1.
646 4713 671 4759 θ.
693 4714 718 4758 7.
739 4711 765 4772 s.
785 4712 834 4767 38,
856 4715 909 4758 not.
930 4713 957 4759 2.
976 4711 1002 4770 ς.
1023 4711 1070 4766 89,
1091 4713 1146 4756 not.
1168 4711 1193 4756 3.
1213 4707 1239 4766 §-
1262 4706 1305 4762 ἑο,
1326 4708 1379 4752 not.
1403 4705 1427 4748 l.
