3120 5294
259 451 335 530 130

328 634 396 682 unici
415 633 463 680 liei
481 629 526 682 um
545 647 561 681 a
578 633 659 682 rurus
676 633 749 682 missi
767 632 940 694 conspicuus,
967 634 1067 693 muse
1091 637 1119 682 et
1137 633 1289 682 nursinae
1318 635 1444 684 decubat

326 728 419 774 auctor
435 725 608 784 praedicatur.

278 810 304 876 ²)
324 817 384 862 lnde
404 815 511 874 Philipp.
531 814 570 876 ll,
598 815 641 861 21.
663 813 773 872 Onna,
799 827 868 876 qm
886 829 936 864 aen
955 818 1032 870 aaut,
1055 815 1205 876 quaerunt,
1224 827 1280 862 nen
1301 821 1443 877 metuat

324 908 390 955 Jecur
420 905 537 966 certati,
569 886 737 967 intelligitur,¹
770 919 861 955 omnes
888 901 1027 968 (πάντες),
1057 906 1089 954 de
1115 905 1266 954 doctoribus
1296 909 1443 955 turbulenta

323 999 436 1058 dictum,
465 998 675 1056 restringendum
694 1009 770 1056 esse,
799 997 861 1056 quia
880 996 974 1044 ibidem
994 997 1036 1057 lv,
1057 997 1085 1044 3.
1105 997 1195 1056 plures
1213 997 1376 1060 laudantur,
1404 1002 1443 1058 qui

323 1101 380 1136 eum
399 1087 480 1136 Paulo
499 1089 525 1136 ln
543 1088 683 1147 Evangelio
702 1088 878 1148 praedicando
897 1087 1089 1134 laboraverunt.

274 1171 302 1240 ⁸)
321 1179 360 1226 lta
378 1191 403 1226 a.
425 1189 452 1236 ς.
474 1178 637 1224 considerata
660 1177 883 1238 ugoneutatlone
909 1176 968 1224 Gal.
995 1177 1046 1237 ΙΙΙ,
1071 1176 1152 1224 2-5.
1172 1176 1249 1224 ineils
1274 1177 1441 1238 intelligitur,

321 1269 416 1316 deesse
438 1269 613 1314 sententium
639 1267 805 1329 senuimus
831 1282 847 1316 a
874 1268 929 1316 Dea
948 1265 1026 1314 donis
1045 1265 1235 1329 spiritualitate
1256 1267 1442 1329 confirmatam

320 1358 478 1420 relinquere
495 1371 550 1406 nora
565 1359 682 1421 oportet.

275 1443 301 1508 ⁴)
320 1447 526 1506 Siceuplieandi
544 1447 735 1502 consiliumet
753 1447 855 1508 quidem
875 1449 896 1494 1.
915 1446 978 1494 Cor.
997 1447 1069 1508 xiil,
1098 1447 1124 1493 i.
1144 1459 1202 1506 sqq.
1231 1459 1281 1506 per
1293 1449 1440 1506 proprieta-

319 1538 418 1586 terrei
436 1538 589 1598 descriptas,
608 1535 687 1584 uuir.
706 1538 749 1585 ΧΙ.
767 1549 816 1596 per
834 1538 967 1597 exempla,
986 1537 1059 1584 ilom.
1080 1537 1108 1592 V,
1129 1539 1170 1584 it.
1190 1549 1248 1596 sqq.
1268 1549 1319 1596 per
1337 1550 1439 1596 conum·

316 1628 442 1674 rationem
460 1626 523 1674 nulii
539 1627 571 1673 ad
586 1626 743 1685 cogitatuum
760 1639 851 1674 nexarn
870 1623 1013 1674 amaruan
1032 1626 1137 1674 dublum
1155 1637 1217 1674 etse
1237 1627 1348 1686 poterit.

369 1717 449 1764 Plura
467 1717 499 1762 de
518 1716 631 1764 dirersla
649 1729 730 1764 nexus
755 1717 835 1776 logici
854 1716 993 1776 speciebus
1012 1729 1042 1764 nc
1060 1717 1187 1776 probandi
1205 1715 1233 1762 ul
1260 1717 1314 1778 legi
1332 1723 1438 1776 possunt

315 1809 341 1854 iu
360 1806 377 1852 J
387 1820 458 1856 nan.
479 1808 562 1856 Jabn
581 1807 731 1856 Eucblridto
750 1807 981 1864 llermeneuticne,
1002 1820 1031 1866 p.
1051 1806 1084 1854 51
1106 1819 1163 1868 sqq.

575 2004 601 2064 s.
621 1997 664 2056 tt.
680 1996 830 2056 bonumne
845 1997 1060 2070 partholomaeus

332 2146 379 2208 Ea
402 2151 451 2210 est
473 2145 593 2208 animae
608 2150 737 2209 nostrae
752 2143 887 2224 indoles,
910 2149 945 2208 ut
965 2145 1053 2208 ideae
1071 2163 1143 2208 sese
1159 2145 1191 2208 in
1207 2149 1313 2209 mente
1329 2151 1437 2208 mutuo
1471 2195 1475 2202 .

243 2259 416 2336 provocent
440 2261 534 2335 atque
558 2253 734 2335 excipiant,
759 2273 838 2336 quae
860 2252 952 2316 nobis
976 2252 1050 2316 oliuu
1074 2253 1166 2316 simul
1188 2259 1242 2316 aut
1266 2254 1298 2316 iu
1322 2254 1434 2318 iisdem

243 2359 400 2442 adjunctis
427 2361 683 2439 obversabantur,
708 2380 787 2444 quae
811 2361 996 2444 frequenter
1019 2360 1080 2422 sibi
1103 2362 1331 2441 succedebant,
1355 2383 1434 2446 quae

240 2489 310 2532 eum
333 2470 493 2552 praesenti
516 2468 608 2532 animi
633 2473 728 2551 statu,
752 2473 828 2552 puta
850 2469 944 2533 hilari
966 2469 1016 2534 rel
1038 2469 1136 2548 tristi,
1160 2471 1359 2550 conveniunt,
1384 2472 1432 2534 vel

241 2578 391 2662 denique,
417 2598 495 2662 quae
519 2597 571 2641 res
594 2577 713 2640 similes
736 2579 787 2641 vel
811 2578 988 2642 contrarias
1011 2584 1260 2662 repraesentant.
1301 2579 1380 2643 Cum
1404 2581 1434 2644 in

238 2685 289 2750 his
308 2686 431 2771 legibus
454 2686 629 2749 adsociatis
652 2685 804 2766 idearum,
829 2707 909 2769 quae
926 2691 976 2750 est
992 2687 1137 2770 operatio
1154 2687 1274 2750 animae
1291 2685 1434 2774 (ψυχῆς)

240 2799 390 2874 nostrae,
414 2802 576 2874 versetur,
609 2793 790 2876 conjunctio
815 2814 852 2858 ac
875 2795 989 2858 relatio
1013 2794 1176 2859 notionum
1199 2815 1237 2858 ac
1261 2797 1434 2859 seutentia-

241 2923 310 2966 rum
333 2903 493 2988 loquentis
517 2903 564 2965 eis
587 2903 691 2966 innixa
715 2913 893 2968 contemtus
908 2907 1160 2988 psycboloqicns
1182 2903 1310 2967 dicitnr.

327 3013 426 3075 Teste
451 3011 662 3093 experientia,
688 3032 767 3095 quae
783 3011 877 3075 dictis
900 3013 1027 3098 legibus
1052 3011 1261 3092 conveniunt,
1284 3010 1357 3076 lieri
1382 3033 1436 3077 so-

239 3119 315 3201 lent,
340 3121 385 3183 ita
407 3125 522 3199 tamen,
546 3125 582 3182 ut
605 3119 644 3182 ab
669 3119 735 3184 isto
754 3113 868 3182 ordint
882 3139 1096 3204 nonnunquam
1113 3118 1319 3200 deflectatur,
1344 3143 1434 3207 quam

241 3228 281 3290 ob
311 3249 377 3292 rem
408 3228 583 3314 generatim
614 3247 741 3291 monere
774 3233 917 3311 oportet,
946 3227 1227 3310 interpretationes
1258 3229 1342 3311 illis,
1378 3231 1431 3292 ubi

236 3343 325 3400 recte
349 3337 559 3420 applicantur,
589 3337 818 3419 respondentes
842 3357 991 3422 perquam
1016 3336 1213 3418 probabiles,
1237 3358 1335 3422 saepe
1357 3361 1432 3404 vero

237 3466 298 3508 noo
324 3445 448 3508 omnino
475 3452 579 3508 certas
604 3465 685 3510 esse.

328 3551 489 3633 Speeialia
521 3551 751 3630 emolumenta,
787 3570 867 3636 quaa
899 3571 935 3615 ex
964 3572 1044 3617 nexu
1072 3551 1300 3639 psyobologieo
1333 3555 1433 3619 iuter·

236 3660 321 3742 preti
343 3663 515 3759 accedunt,
540 3665 629 3722 suut:

328 3769 359 3836 1,
383 3767 445 3846 Qui
469 3767 676 3852 cognoverit,
711 3789 790 3852 quae
826 3767 965 3852 cogitata
991 3767 1024 3830 iu
1048 3769 1338 3851 animoloquentis
1362 3791 1432 3835 sese

235 3876 387 3960 consequi
412 3882 443 3938 et
468 3875 613 3939 comitari
636 3877 878 3957 consueverint,
904 3896 1042 3961 quaeve,
1066 3879 1139 3940 dum
1169 3879 1265 3942 verba
1298 3879 1433 3959 laceret,

234 3984 329 4048 animi
356 3983 526 4066 dispositio
549 3983 663 4066 fuerit,
688 3984 760 4048 inde
785 3982 916 4048 delinire
940 3985 1075 4066 poterit,
1100 4007 1251 4070 quaenam
1274 3988 1431 4052 dictorum

113 4105 115 4110 '
232 4091 456 4175 interpretatio
482 4093 615 4156 caeteris
639 4093 681 4156 sit
704 4091 911 4175 praeferenda
927 4087 969 4179 ¹).

325 4205 357 4266 2.
382 4199 449 4284 0pe
467 4205 632 4264 contextus
648 4199 868 4286 psychologici
885 4222 1115 4286 nonnumquam
1131 4203 1214 4266 ratio
1230 4203 1309 4268 dieti
1324 4204 1432 4286 cujus·

232 4311 301 4373 dam
318 4329 355 4372 ac
371 4308 475 4390 ipsius
493 4308 618 4372 dicendi
633 4309 718 4372 modi
735 4309 954 4394 cognoscitur,
972 4331 1033 4395 qua
1048 4311 1193 4396 ignorata
1208 4313 1430 4395 interpretatio

230 4421 286 4481 aut
302 4419 334 4481 io
352 4417 489 4481 obscuro
506 4416 709 4500 relinquitur,
727 4423 782 4480 aut
798 4417 907 4483 saltem
924 4441 987 4482 non
1003 4419 1094 4501 plena
1109 4421 1181 4484 loce
1196 4423 1313 4506 gaudet
1325 4420 1369 4509 ²).

322 4530 354 4593 3.
377 4524 469 4590 Haud
485 4545 569 4607 raro,
586 4525 639 4588 ubi
649 4515 835 4612 loquentem
851 4531 907 4590 aut
923 4549 941 4590 a
957 4549 1037 4592 nexu
1053 4529 1217 4595 notionum
1231 4530 1283 4594 vel
1300 4537 1429 4595 senten·

224 4633 345 4698 tiarrrm
369 4634 494 4720 logico,
526 4639 580 4700 aot
608 4654 627 4699 a
648 4635 857 4720 dispositione
885 4657 991 4702 rerum
1015 4642 1187 4729 gestarum}
1202 4639 1427 4725 chronologica
