3092 5286
1230 435 1310 512 185.

120 631 212 692 auae,
235 611 312 676 licet
336 629 558 678 asserionem
581 611 751 690 haberent,
785 627 821 676 ea
843 627 953 694 nempe
982 609 1103 678 ratione
1126 611 1230 694 ducti,
1261 633 1300 678 ne

120 721 280 784 auditores
305 717 520 801 offenderent,
543 724 598 784 aut
613 727 648 785 ut
663 722 721 786 bac
743 720 949 784 submissione
972 720 1011 784 ad
1034 739 1208 786 mensuram
1232 721 1299 785 dis·

121 829 258 894 centium
282 828 362 893 alios
385 829 424 892 ad
447 849 520 893 suas
548 827 708 893 doctrinas
737 831 964 912 pertraherent.
998 825 1041 892 Ut
1073 830 1152 894 banc
1180 829 1304 916 gravis-

123 937 232 1002 simam
257 959 381 1002 caueam
405 957 456 1014 ea,
480 956 542 1020 qua
563 957 622 1021 par
644 941 711 1021 est,
735 937 897 1024 diligentia
918 941 1108 1017 tractemus,
1127 935 1218 1020 juvat
1233 939 1301 1021 pri·

118 1067 203 1110 mum
218 1044 318 1112 firmis
333 1045 524 1132 argumentis
539 1048 692 1126 evincere,
714 1045 790 1110 Jesu
806 1045 934 1130 ejusque
948 1045 1112 1130 Apostolis
1128 1066 1305 1112 accommo-

120 1155 278 1218 dationem
303 1153 510 1240 dogmaticam
533 1154 709 1219 nullatenus
731 1155 862 1218 attribui
883 1173 999 1237 posse,
1034 1153 1106 1220 dein
1128 1157 1305 1236 ostendere,

119 1264 242 1345 quando
259 1263 391 1346 reliquie
407 1262 703 1328 accommodationis
718 1264 882 1346 speciebus
897 1262 988 1327 locus
1004 1265 1222 1329 concedendus
1249 1266 1302 1330 sit.

142 1419 168 1486 ¹)
187 1427 402 1478 accommodatio
421 1427 535 1478 moretis
554 1429 580 1476 in
598 1441 621 1476 s.
641 1427 776 1488 Scriptura
794 1430 897 1489 saepius
918 1430 1124 1490 commendatur,
1144 1431 1182 1476 uti
1197 1431 1219 1476 l.
1240 1430 1302 1480 tior.

187 1519 253 1579 vlll,
276 1519 333 1581 it„
352 1519 396 1568 ubi
414 1519 553 1580 Apostolus
573 1519 649 1567 dicim
671 1517 703 1568 Si
722 1533 784 1568 cecc
802 1519 974 1569 scandalizat
990 1518 1110 1582 fratrem
1127 1533 1229 1582 mcum,
1248 1533 1303 1568 mom

185 1611 352 1660 manducato
378 1623 489 1659 caraem
517 1609 546 1660 ia
577 1613 735 1666 aetermam,
763 1625 797 1660 mc
816 1609 937 1674 fratrem
955 1611 1147 1660 scandalizem.
1182 1613 1304 1670 lixampls

187 1701 266 1762 hujus
286 1702 526 1750 accommodationis
539 1700 618 1750 babes
637 1703 662 1748 in
686 1701 781 1758 Panlo,
802 1702 961 1750 Timotheum
979 1702 1177 1750 circumcidente
1195 1705 1307 1762 propter

185 1791 302 1840 ludaeos
328 1790 475 1846 acclivi,
504 1791 531 1840 ³.
551 1795 578 1840 et
605 1791 631 1838 in
659 1792 748 1840 ecdem
775 1793 834 1852 pari
860 1791 960 1840 ratione
984 1792 1062 1838 ducto
1090 1803 1120 1840 se
1149 1791 1303 1851 quibusdam

191 1881 287 1928 ritibus
315 1881 427 1942 judaicis
456 1881 611 1943 subjiciente
636 1883 693 1928 Act.
712 1883 781 1938 XXl,
808 1883 853 1929 2⁰.
880 1895 933 1942 sqq.
963 1881 1029 1940 Quin
1057 1882 1132 1928 etiam
1157 1881 1218 1927 binc
1242 1881 1303 1930 inde

187 1973 257 2018 actio
275 1984 327 2018 non
345 1972 438 2019 illicita
457 1984 489 2018 ex
507 1983 553 2030 ee,
581 1970 613 2018 ob
632 1972 841 2019 circumstantias
861 1971 1069 2032 praescribitur,
1094 1971 1154 2032 quin
1174 1970 1301 2030 ejusmodi

184 2065 352 2123 praeceptum
363 2065 488 2122 perpetue
500 2063 584 2120 duret,
604 2063 641 2110 uti
660 2065 679 2110 l.
699 2062 761 2110 cor.
779 2061 832 2121 xl,
852 2062 878 2109 1.
894 2074 950 2121 sqq.
969 2062 1103 2121 decapite
1122 2062 1156 2108 ad
1175 2061 1301 2108 orandum

183 2153 241 2200 sire
259 2156 352 2212 aperto
370 2154 426 2201 alre
443 2155 514 2200 tecto
532 2153 648 2214 legimus.
676 2155 737 2214 lpse
756 2164 857 2213 quoque
875 2153 945 2199 Dens
971 2152 998 2200 in
1022 2152 1053 2199 Α.
1075 2152 1104 2198 Τ.
1127 2151 1160 2199 ob
1178 2153 1301 2212 pertina-

184 2241 251 2290 ciam
269 2243 425 2292 dedecorum
443 2245 519 2304 plura
537 2243 606 2292 tulit.
627 2244 703 2292 coni.
722 2243 811 2292 disttb.
830 2243 901 2302 xlx,
924 2243 951 2290 8.

136 2326 163 2394 ¹)
182 2333 325 2382 Prudentia
343 2336 369 2382 iu
387 2334 522 2382 amoribus
541 2335 624 2382 minos
644 2334 728 2382 noxiis
747 2335 781 2382 ad
798 2337 898 2394 tempus
917 2333 1077 2390 tolerandis,
1105 2334 1146 2382 rel
1163 2332 1295 2380 indirecta

182 2426 282 2472 tantum
300 2427 401 2472 ratione
420 2424 613 2484 impugnandis,
633 2437 699 2486 quae
718 2425 774 2472 aliis
789 2424 995 2473 accommodatio
1008 2423 1132 2486 megetiae
1147 2423 1300 2486 dogmatico

183 2517 310 2573 vocatur,
342 2516 409 2562 baud
437 2514 513 2564 dubie
531 2516 564 2562 ad
587 2515 845 2563 accommodationem
862 2513 1073 2578 paedagogicam
1091 2514 1230 2562 referenda
1249 2517 1304 2562 est.

183 2605 240 2653 llac
263 2605 500 2654 accommodatione
527 2617 589 2654 usus
614 2607 738 2653 Dominus
757 2609 817 2653 aute
835 2606 1056 2654 resurrectionem
1076 2608 1180 2652 cunctas
1200 2605 1300 2652 doctri·

183 2707 233 2744 nas
251 2695 383 2756 Apostolis
408 2707 459 2743 non
482 2697 593 2744 tradidit
614 2695 689 2744 doen.
708 2697 778 2757 XVl,
799 2696 858 2756 12.;
887 2695 937 2742 imo
955 2697 1015 2742 ante
1033 2695 1211 2743 ascensionem
1230 2707 1301 2743 susm

186 2787 355 2847 quorumdam
374 2785 522 2846 opinionem
540 2787 572 2834 de
600 2798 682 2846 regno
700 2787 770 2844 genti
792 2785 928 2832 hebraicae
953 2786 1113 2834 restituendo
1139 2785 1228 2834 taleam
1257 2789 1302 2832 aut

184 2879 257 2924 certe
271 2876 445 2936 imperiectam
463 2877 593 2924 indirecta
609 2879 706 2924 mutum
723 2875 825 2922 ratione
843 2876 958 2924 correxit
968 2875 1025 2922 Act.
1043 2876 1070 2932 l,
1090 2876 1168 2922 d-8.
1186 2876 1301 2922 Eandem

183 2965 339 3014 instituendi
354 2968 479 3014 rationem
496 2967 591 3014 Paulus
610 2968 631 3013 l.
655 2967 714 3014 cor.
734 2966 783 3026 ill,
805 2964 981 3012 1-a.1lebr.
1001 2966 1032 3028 V,
1054 2965 1166 3012 te-it.
1191 2963 1301 3024 profite-

183 3059 238 3117 tur,
256 3056 301 3103 ubi
319 3057 453 3117 distinguit
472 3057 541 3104 inter
553 3059 605 3117 lac,
626 3055 734 3103 infirmis
752 3049 782 3102 in
800 3054 848 3102 fide
866 3056 976 3103 dandnm
996 3058 1023 3103 et
1040 3056 1123 3104 cibum
1142 3039 1302 3102 solidiorem.

182 3146 258 3205 Quod
273 3150 358 3194 autem
376 3148 502 3195 rationem
520 3146 650 3194 doctrinas
671 3145 792 3193 tradendi
809 3146 918 3204 attinet,
944 3144 1083 3193 dictionem
1101 3145 1166 3192 lesu
1185 3147 1211 3193 st
1225 3145 1298 3203 Apo-

183 3237 314 3283 stolorum
342 3238 475 3298 rulgarem
500 3239 527 3285 et
558 3238 645 3296 captui
675 3235 832 3284 sudleutium
861 3237 888 3284 et
915 3234 1056 3296 legentium
1080 3235 1298 3282 adcommodatum

186 3338 259 3385 esse,
278 3339 310 3374 ex
326 3327 399 3374 libris
417 3327 448 3374 N.
468 3326 498 3374 'l.
518 3328 629 3374 canstat.

138 3408 224 3477 8)1)ο
251 3417 299 3464 hac
329 3429 351 3466 s.
375 3418 525 3478 scripturae
551 3417 722 3480 applicatione
747 3416 807 3464 vide
833 3415 906 3476 plura
930 3416 956 3488 §-
976 3414 1000 3464 5.
1020 3418 1047 3464 et
1067 3415 1098 3466 Ρ.
1122 3415 1143 3462 1.
1171 3413 1242 3483 sect.
1266 3415 1300 3466 ll.

183 3519 243 3566 cap.
262 3508 305 3556 ill.
325 3508 367 3569 ss.
389 3508 449 3556 191.
471 3509 531 3556 195.
1142 3501 1145 3506 “

139 3589 165 3659 ¹¹)
187 3593 319 3658 Ejusmodi
346 3602 499 3658 argumento
524 3613 540 3646 a
559 3597 708 3659 quibusdam
727 3595 910 3658 interpretibus
931 3608 996 3644 usus
1024 3595 1140 3643 creditur
1160 3594 1255 3643 Paulus
1276 3597 1296 3643 l.

183 3687 246 3736 (ior.
266 3689 319 3748 XV,
339 3689 382 3736 2⁹.
402 3689 538 3738 scribens:
564 3689 688 3752 Alioquin
713 3689 777 3751 quid
802 3687 947 3751 facerent,
978 3685 1024 3750 qest
1050 3686 1226 3749 baptizentur
1243 3699 1297 3749 pro

180 3779 315 3837 murteta,
344 3779 494 3828 stomatice
517 3780 621 3830 mortni
643 3793 698 3827 acm
721 3775 894 3841 resurgant?
925 3778 957 3827 lit
973 3778 1037 3840 qaid
1054 3777 1229 3839 baptizentur
1245 3790 1298 3840 pro

182 3859 264 3916 illisi
283 3866 357 3914 doni.
375 3868 452 3928 Aug.
473 3869 602 3918 (iaimst
620 3870 759 3918 comment.
781 3871 808 3916 in
826 3870 859 3916 N.
878 3870 906 3919 ’1.
933 3867 1021 3916 libres.
1047 3869 1114 3927 Aug.
1143 3867 1243 3914 Vindei.
1272 3871 1299 3914 et

184 3955 287 4004 (irascit
307 3958 386 4006 1⁷35.
407 3958 478 4008 lom.
496 3960 563 4008 Vlll.
582 3974 608 4020 p.
632 3961 690 4008 15⁰.
709 3961 824 4008 Dissert.
849 3961 881 4008 de
900 3955 1056 4020 baptismate
1075 3971 1122 4019 pro
1141 3959 1248 4006 mortuis
1267 3958 1300 4006 ad

182 4049 206 4095 l.
231 4047 291 4095 Cor.
310 4049 368 4109 XV,
388 4049 431 4096 29.
460 4051 498 4097 Ex
521 4064 571 4112 qus
588 4053 810 4112 argumentatione
827 4051 946 4111 Apostoli
965 4052 1083 4110 protecto
1101 4063 1152 4096 non
1172 4051 1299 4109 seqnitur,

185 4151 243 4185 eum
263 4139 423 4198 approbasse
441 4141 594 4201 baptismum
612 4155 661 4202 pro
680 4143 797 4198 mortuis,
816 4142 878 4188 iicet
895 4142 984 4189 eodem
1004 4145 1090 4188 utatur
1108 4141 1141 4188 ad
1159 4151 1298 4188 resurrec-

182 4229 281 4276 tionem
299 4235 460 4278 mortuorum
478 4233 619 4280 lectoribus
638 4235 693 4280 suia
717 4231 922 4280 confirmandam.

389 4395 414 4456 i·
433 4389 490 4450 itt.
506 4391 718 4452 lcconmcdatto
734 4393 889 4464 dogmatma
903 4392 1034 4464 rejicitur.

203 4517 284 4596 Quia
305 4519 478 4606 recentiori
499 4526 604 4587 aetate
627 4523 709 4588 haud
733 4521 861 4586 obscuri
884 4521 1017 4587 nominis
1040 4520 1101 4583 viri
1116 4518 1299 4594 extiterunt,

119 4624 173 4704 qui
201 4628 517 4695 accommodationem
547 4631 752 4717 dogmaticam
782 4629 984 4698 defenderent
1014 4626 1061 4712 ¹),
1092 4630 1299 4714 opportunum
