3120 5294
256 469 309 544 uh

255 646 351 710 dietis
376 647 424 730 (ς.
441 646 496 710 36.
512 647 610 730 nott.)
635 645 836 732 intelligitur,
860 644 1015 730 sequaris.
1039 645 1161 726 Quodsi
1184 645 1215 708 in
1240 645 1451 730 dijudicandis

254 775 293 818 ae
327 755 516 838 usurpandis
550 759 692 818 veterum
726 751 986 818 translationibus
1026 754 1128 818 minus
1169 755 1302 838 provide
1341 775 1451 820 versa-

254 868 308 927 tus
330 862 446 942 tueris,
481 884 544 926 non
567 862 686 946 poterit
708 859 796 942 lieri,
832 860 906 946 quin
936 859 1135 944 conjecturas
1159 882 1197 925 ex
1219 865 1373 927 contextu
1397 865 1453 927 de·

253 972 371 1036 rivatus
395 990 454 1053 pro
478 969 669 1035 testimoniis
697 967 911 1054 antiquitatis,
947 973 978 1032 et
1010 969 1195 1034 arbitrarius
1224 975 1320 1055 atque
1344 971 1452 1036 studio

253 1079 479 1142 translatorum
502 1078 624 1142 debitas
647 1075 928 1160 interpretationes
944 1096 1003 1158 pro
1019 1076 1134 1159 priscis
1155 1077 1324 1163 hebraicis,
1340 1080 1452 1163 paneis

252 1188 376 1252 ineerta
399 1207 457 1270 pro
482 1187 590 1266 certis,
614 1185 693 1249 lalsa
715 1205 775 1268 pro
798 1184 883 1248 reris
907 1183 1035 1250 babeas.

345 1298 377 1362 3.
401 1293 542 1378 Denique
564 1293 682 1373 rideas,
706 1313 778 1356 num
802 1292 894 1372 idem,
919 1293 974 1376 qui
995 1291 1103 1373 nobis,
1126 1293 1264 1379 antiquis
1288 1294 1451 1378 iuterpre-

253 1401 340 1466 tibus
363 1405 437 1464 ante
460 1401 571 1465 oeulos
593 1405 739 1463 versatus
769 1399 867 1463 inerit
888 1403 994 1464 textus
1016 1398 1201 1482 hebraicus,
1231 1406 1264 1466 et
1294 1421 1369 1465 num
1394 1421 1451 1466 nos
1538 1437 1539 1440 =

256 1508 350 1572 etiam
373 1509 508 1594 genuina
530 1508 631 1572 adhuc
654 1507 809 1571 versionis
843 1507 980 1571 lectione
1009 1511 1219 1594 gaudeamus,
1257 1509 1331 1594 quia
1356 1529 1450 1574 secus

255 1616 360 1698 tieret,
384 1623 419 1681 nt
442 1617 514 1682 uoci
537 1616 632 1680 alicui
654 1616 704 1680 vel
728 1615 860 1680 dictioni
881 1615 1048 1680 hebraicae
1072 1615 1262 1704 significatio
1278 1619 1451 1692 tribuatur,

256 1732 404 1811 tanquam
427 1725 619 1790 auctoritate
642 1724 713 1788 nixa
735 1724 882 1810 antiquae
904 1726 1079 1807 versionis,
1104 1746 1166 1812 qua
1187 1731 1292 1790 tamen
1315 1747 1450 1810 prorsus

258 1839 308 1901 cst
331 1835 483 1902 destituta
498 1831 542 1924 ¹).

280 1979 308 2046 ¹)
329 1981 372 2030 Sto
391 1997 442 2030 non
462 1980 611 2042 miraberis,
639 1981 700 2029 ldal.
719 1983 748 2042 Ι,
771 1984 795 2030 1.
821 1995 915 2030 nomen
934 1983 1065 2044 proprium
1092 1959 1179 2057 ’ἓξὲξ
1205 1983 1452 2032 adouatbsne

326 2074 414 2120 redula
442 2074 558 2134 deputas
584 2083 672 2131 messa,
702 2073 725 2120 st
748 2073 867 2127 noveris,
898 2072 929 2119 sb
957 2074 1006 2120 bec
1028 2075 1199 2134 paraphrasts
1224 2074 1327 2120 nomina
1345 2074 1451 2133 propris

326 2169 423 2223 passtrn
440 2164 478 2210 lta
493 2163 613 2218 unctui,
635 2163 673 2209 utl
692 2163 748 2210 Jss.
767 2162 825 2222 Vll,
846 2163 873 2210 (t.
891 2167 944 2211 stc.

279 2247 668 2315 ⁸)'l'extumbebrstcnsn1snn
691 2255 826 2313 ternpore,
854 2265 905 2312 quo
930 2255 1066 2302 versiones
1084 2265 1116 2302 ss
1133 2265 1166 2302 so
1185 2256 1331 2313 manarum,
1359 2253 1451 2312 plnres

325 2343 444 2392 laedonis
461 2343 602 2389 varietates
620 2341 779 2402 exhibuisse,
798 2345 826 2391 at
843 2342 902 2390 deta
920 2339 969 2391 bas
985 2345 1122 2393 rsrslones
1141 2355 1229 2392 omnes
1247 2355 1295 2404 per
1314 2345 1452 2391 decursum

324 2433 448 2492 temporis
474 2431 593 2493 ptwlmss
618 2431 678 2496 plus
704 2431 818 2480 nntuusve
844 2415 938 2494 gravis
962 2435 1115 2484 mutationes
1141 2434 1265 2496 subiisse,
1293 2441 1382 2481 notum
1401 2439 1450 2480 est

331 2523 408 2572 cont.
423 2521 632 2579 sorar-ann,
653 2522 796 2570 louedaet.
813 2523 839 2570 ln
853 2522 1449 2584 nemun.vonn.1sae.r.1.oap.1u.vr.

829 2719 836 2733 ·
851 2679 895 2738 bd.

561 2793 591 2853 b)
612 2787 726 2846 Codices
745 2682 891 2843 tolmlsdici
909 2790 936 2844 ct
951 2786 1141 2845 midroacbici.

341 2919 531 2982 ludaeorum
547 2917 678 2980 traditio
692 2937 789 2999 porro
807 2915 1083 2998 comprehenditur
1098 2920 1234 2999 utroque
1249 2914 1448 2994 Talmnde,

248 3031 494 3115 palaestineum
521 3047 631 3109 nempe
656 3033 688 3090 et
712 3028 924 3110 babylonico,
959 3030 1055 3110 atque
1077 3025 1356 3104 Midrascbim,
1382 3047 1445 3110 quo

252 3139 378 3203 nomine
412 3137 541 3200 veniunt
576 3135 765 3221 allegoricae
800 3135 991 3199 ludaeorum
1015 3154 1041 3198 s.
1067 3134 1185 3199 codicis
1222 3134 1447 3217 expositiones,

251 3268 382 3334 quarum
415 3264 526 3330 magna
555 3263 629 3327 pars
658 3244 778 3326 prodiit
794 3232 838 3332 ¹).
884 3241 971 3306 llaec
994 3242 1152 3306 volumina
1175 3242 1338 3321 oratione,
1363 3261 1442 3326 quac

251 3377 288 3420 ex
311 3354 418 3440 lingua
440 3351 595 3416 aramaica
618 3356 651 3414 et
674 3351 882 3415 neohebraiea
906 3348 1043 3429 coaluit,
1080 3355 1208 3414 exarata
1236 3350 1294 3414 sub
1325 3349 1446 3434 allego-

250 3463 345 3542 ricis,
380 3462 443 3525 imo
469 3466 500 3525 et
523 3459 671 3544 mytbieis
702 3458 951 3546 digressionibus
980 3478 1018 3522 ae
1042 3458 1170 3542 ineptiis
1194 3458 1294 3523 omnis
1317 3457 1445 3544 generis

248 3571 350 3653 plura,
374 3589 452 3653 qnae
476 3569 515 3631 ad
538 3567 710 3644 lcxtealem,
735 3571 767 3630 et
790 3566 938 3628 nonnulla
961 3565 1071 3646 etiam,
1096 3585 1175 3650 quae
1199 3567 1239 3630 ad
1261 3566 1444 3651 grammati·

250 3701 322 3742 eum
345 3677 470 3762 liuguae
501 3695 528 3739 s.
571 3674 756 3758 scripturae
785 3673 958 3738 hebraicae<
974 3695 1065 3738 usum
1089 3673 1274 3754 conferunt,
1309 3675 1446 3738 admixta

248 3784 375 3849 babent.
421 3779 613 3845 Praesertim
643 3781 732 3862 prior
761 3781 923 3844 Talmudis
946 3799 1040 3864 pars,
1074 3781 1255 3845 blisehna
1278 3783 1382 3862 dieta,
1406 3781 1446 3844 ad

249 3897 390 3958 nostram
414 3911 480 3954 rem
503 3889 590 3972 feeit,
615 3893 726 3970 utpote
751 3909 841 3972 quae,
866 3889 941 3954 licet
965 3892 1085 3954 demum
1108 3889 1181 3954 iude
1205 3890 1243 3952 ab
1268 3910 1349 3954 anno
1367 3891 1445 3958 150.

248 4021 349 4084 usque
385 4001 424 4063 ad
459 4017 571 4060 aunum
606 4000 683 4064 203.
715 4002 790 4078 post
824 3996 984 4062 Christum
1019 3997 1154 4062 collecta
1190 4003 1222 4061 et
1244 3979 1277 4062 iu
1301 3998 1444 4062 ordinem

248 4111 379 4174 redacta
402 4107 566 4185 credatur,
599 4105 773 4190 fragmenta
803 4105 1041 4188 complectitur,
1074 4111 1162 4170 certe
1185 4111 1259 4170 ante
1283 4105 1444 4170 Christum

247 4215 474 4282 adoetoribus
508 4213 701 4278 ludaeorum
734 4213 931 4294 elucubrata,
968 4219 1000 4278 et
1029 4219 1198 4298 propterea
1221 4219 1326 4280 aetate
1350 4219 1444 4300 atque

248 4324 356 4409 lingua
378 4321 610 4386 recentioribus
639 4321 767 4384 canonis
791 4323 828 4385 V.
852 4323 890 4386 Τ.
915 4321 1006 4384 libris
1030 4323 1162 4407 propius
1186 4324 1339 4392 accedens
1362 4321 1445 4386 baud

185 4507 188 4516 Ι
249 4431 342 4495 dubie
367 4430 458 4512 plura
481 4428 580 4512 prisci
602 4428 780 4492 Hebraismi
804 4437 988 4494 conservata
1012 4431 1146 4496 exhibet.
1170 4429 1335 4494 Posterior
1359 4451 1443 4513 pars,

249 4559 328 4624 quae
353 4540 523 4602 semare
546 4537 567 4599 i.
594 4557 621 4600 e.
647 4539 888 4602 commentarius
911 4539 1029 4620 prioris
1053 4540 1226 4624 appellata,
1251 4539 1378 4603 saeculo
1406 4541 1441 4600 V.

248 4647 288 4709 ad
318 4644 410 4710 linem
443 4650 592 4730 vergente
616 4646 654 4708 ad
679 4645 794 4708 exitum
818 4649 970 4728 perducta
995 4652 1059 4727 est,
1095 4669 1239 4712 sermone
1263 4647 1443 4728 conscripta
