3190 5290
283 440 333 513 lt

280 615 356 682 licet
371 615 404 680 iu
420 612 549 702 scriptis
564 609 794 695 iuuenioribus
810 628 872 674 non
888 607 1001 690 duint,
1023 607 1196 693 generatim
1212 615 1316 677 tamen
1332 613 1364 678 in
1380 609 1476 678 libris

280 719 511 790 recentioribus
526 716 739 803 frequentiora
754 715 962 800 reperiuntur,
980 721 1012 780 et
1030 717 1070 782 ob
1090 723 1221 797 arctum,
1247 719 1331 804 qnod
1347 717 1479 782 exilium

282 832 368 896 inter
382 828 519 915 populos
534 824 687 890 aramuice
703 825 867 908 loquentes
889 827 920 887 et
938 824 1098 890 Hebraeos
1121 824 1293 889 introduxit
1318 847 1478 890 commer-

283 939 376 1018 cium,
400 937 430 1000 iu
447 934 624 1001 hebraicam
640 933 799 996 inferioris
815 932 928 996 aetatis
949 931 1084 1018 lingnnm
1110 933 1276 1018 irrepsisse
1291 933 1478 997 existiman·

282 1055 344 1113 tor.
370 1044 555 1112 Posteriora
569 1043 822 1128 complectuntur
837 1062 884 1121 ea,
908 1060 986 1126 qnae
1003 1062 1039 1106 ex
1057 1042 1157 1126 ipsius
1172 1042 1346 1106 llebraismi
1361 1063 1479 1108 recen·

283 1153 378 1220 tioris
403 1153 605 1236 corruptione
628 1156 734 1232 enata,
758 1153 927 1234 propterea
952 1151 1159 1216 neohehraica
1184 1149 1347 1239 (hebraica
1362 1171 1479 1216 recen-

285 1261 388 1350 tiore)
405 1261 489 1330 dicta
505 1265 588 1324 suut.
611 1262 832 1343 Praeterquam
849 1259 940 1339 enim,
957 1259 1040 1346 quod
1064 1259 1213 1344 quaedam
1233 1281 1328 1324 voces
1349 1259 1481 1346 linguae

286 1370 433 1456 antiquae
455 1368 653 1453 postmodum
675 1366 829 1448 abolitae,
860 1368 940 1432 aliae
962 1389 1056 1450 vero,
1091 1373 1184 1432 antea
1206 1389 1267 1433 non
1291 1373 1409 1447 notae,
1448 1367 1479 1430 in

286 1498 377 1546 usum
398 1481 544 1561 receptae
565 1480 658 1556 sunt,
688 1495 779 1559 quam
801 1475 944 1560 plurimis
966 1495 1064 1540 norae
1087 1482 1288 1540 accerserunt
1311 1473 1477 1561 019011100-

287 1586 392 1652 tiones
408 1591 462 1650 aut
478 1581 740 1669 significationum
755 1584 955 1664 variationes,
971 1584 1003 1648 in
1021 1584 1092 1650 uliis
1108 1590 1220 1649 contra
1234 1585 1408 1670 originaria
1418 1583 1480 1660 vis,

288 1693 339 1758 nel
354 1700 457 1757 tamen
474 1691 655 1756 subtiliores
671 1691 816 1776 antiquae
832 1692 1000 1777 potestatis
1010 1693 1228 1758 distinctiones
1242 1693 1274 1756 in
1290 1693 1480 1756 oblivionem

289 1805 461 1882 uenerunt,
484 1820 547 1864 non
562 1799 663 1863 minus
679 1800 849 1864 recentiori
864 1821 940 1864 aero
964 1800 1159 1866 invaluerunt
1184 1802 1303 1866 formae
1318 1821 1338 1866 u
1351 1801 1482 1888 linguae

289 1910 455 1976 hebraicae
476 1908 582 1972 indole
605 1909 825 1988 abhorrentes,
846 1907 997 1974 flexiones
1013 1931 1049 1974 ac
1066 1911 1318 1976 constructiones
1339 1910 1482 1974 rariores

289 2025 322 2085 et
338 2020 518 2098 abnormes3
541 2017 713 2102 generatim
729 2017 829 2082 omnis
845 2017 968 2104 linguae
990 2020 1080 2084 color
1100 2025 1242 2084 usturam
1263 2019 1353 2104 quusi
1368 2017 1482 2083 rudio-

290 2147 358 2194 rem
375 2133 407 2192 et
422 2126 524 2191 minus
541 2126 670 2210 politam
687 2125 797 2190 induit.
823 2126 988 2191 Caeterum
1010 2128 1163 2192 clementa
1185 2147 1222 2192 ex
1236 2126 1434 2193 hramaismo
1451 2131 1482 2189 et

293 2235 541 2301 Neobebraismo
563 2233 651 2299 illata
671 2235 852 2319 frequenter
875 2235 952 2298 adeo
970 2235 1169 2320 conspirant,
1191 2239 1227 2298 nt
1250 2235 1343 2299 t'acile
1358 2255 1424 2298 non
1440 2232 1482 2296 sit

294 2341 435 2421 delinire,
459 2343 561 2407 utrius
579 2343 723 2427 quodque
740 2363 809 2408 esse
824 2343 967 2408 videatur
983 2341 1027 2431 ¹).

381 2449 560 2536 Peregriuis
583 2471 620 2514 ex
643 2451 822 2518 Semitismo
845 2451 998 2537 proiectis
1022 2451 1175 2518 accedunt
1198 2453 1347 2538 quaedam
1364 2451 1429 2516 alia
1446 2469 1482 2514 ex

290 2558 408 2646 linguis
424 2579 485 2622 non
501 2558 653 2622 semiticis
668 2559 817 2641 derivata,
841 2561 924 2626 inter
950 2582 1028 2646 quae
1043 2562 1176 2646 primum
1198 2561 1384 2625 nominanda
1408 2561 1481 2624 sunt

292 2667 508 2751 Acppptiaca.
543 2667 770 2752 Antiquissima
786 2669 865 2732 enim
881 2675 978 2750 terra,
1003 2689 1135 2756 quacum
1150 2669 1311 2733 Hebraeos
1322 2666 1388 2750 jam
1406 2667 1480 2733 olim

296 2774 415 2860 arctius
433 2772 617 2856 conjunctos
639 2775 747 2857 fuisse,
771 2777 923 2842 historice
945 2783 1086 2859 constat,
1112 2785 1160 2843 est
1181 2779 1363 2862 Aegyptus,
1388 2793 1484 2862 qnare

299 2903 362 2948 non
378 2882 488 2946 mirum
506 2889 569 2965 est,
592 2883 621 2948 si
638 2886 786 2969 quaedam
812 2886 996 2972 aegyptiaca
1017 2885 1083 2969 jem
1107 2887 1139 2950 in
1155 2887 1367 2950 Pentateucho
1393 2881 1483 2948 obvia

296 2995 381 3056 suut.
413 2991 534 3070 Quodsi
564 2991 596 3056 in
623 2993 751 3077 scriptis
782 2993 1011 3060 recentioribus
1042 3015 1167 3079 quoque
1202 2993 1327 3058 nomina
1356 2989 1485 3077 propria

293 3098 525 3185 ¹Aegyptiorum
540 3101 747 3186 reperiantur,
764 3101 795 3165 id
810 3101 883 3166 inde
900 3103 1065 3188 explicant,
1089 3102 1281 3189 quodetiam
1306 3121 1381 3166 aero
1406 3099 1484 3164 inie-

298 3205 398 3289 riori,
421 3209 606 3293 praesertim
623 3208 810 3288 Salomonis,
834 3213 877 3289 et,
899 3211 982 3293 qnod
1006 3231 1076 3275 eum
1097 3214 1238 3276 secutum
1260 3215 1319 3289 est,
1341 3214 1483 3292 tempore

299 3313 434 3384 Hebraei
449 3338 518 3382 cum
533 3317 699 3404 Aegyptiis
713 3315 800 3380 vario
817 3317 868 3381 nsi
884 3317 948 3382 sint
965 3319 1152 3384 commercio
1167 3317 1212 3406 ¹).

388 3423 466 3490 Dein
483 3427 544 3490 hue
561 3429 704 3508 spectant
727 3425 875 3490 nonrmlla
895 3428 1046 3492 vocabula
1059 3431 1205 3512 persica,
1222 3447 1301 3512 quae
1316 3445 1391 3490 vero
1409 3443 1482 3490 aevo

301 3532 395 3618 longe
410 3533 591 3616 posteriori,
609 3553 670 3616 quo
686 3532 821 3596 Hebraei
835 3533 982 3600 idiomate
999 3537 1170 3616 chaldaico,
1186 3535 1217 3600 in
1232 3534 1405 3617 Babylonia
1420 3530 1482 3595 usi·

297 3644 377 3720 tato,
400 3641 526 3726 linguae
544 3640 686 3723 persicae
709 3645 855 3726 cognato,
879 3643 939 3724 usi,
963 3649 996 3710 et
1018 3645 1140 3710 demum
1162 3643 1224 3729 ipsi
1239 3645 1404 3708 Persarum
1427 3641 1483 3704 im·

219 3731 221 3738 ¹
294 3747 390 3834 'perio
418 3745 552 3829 subjecti
579 3746 721 3828 morunt,
745 3747 776 3812 iu
804 3749 1019 3817 Hebraismum
1044 3751 1192 3816 biblicum
1218 3755 1380 3816 venerunt.
1417 3753 1484 3829 Quo

300 3855 418 3920 iactum
436 3860 495 3934 est,
512 3859 547 3918 nt
564 3853 684 3919 demum
699 3855 731 3919 in
746 3860 916 3943 postremis
932 3862 970 3926 A.
988 3861 1021 3928 P.
1037 3859 1127 3924 libris
1144 3863 1210 3924 000Ι
1221 3859 1314 3924 dubia
1329 3853 1484 3930 momenti,

298 3965 385 4049 quod
393 3963 601 4028 Persicismus
613 3964 652 4028 sd
663 3964 878 4032 Hebraismum
891 3969 1008 4050 habuit,
1021 3969 1154 4056 vestigia
1167 3959 1484 4052 deprehendantur⁸).

391 4070 533 4154 Denique
555 4081 723 4139 occurrunt
747 4076 828 4141 ins.
854 4079 1019 4161 Scriptura
1043 4079 1191 4162 quaedam
1214 4077 1339 4140 nomino
1360 4072 1484 4161 propris

303 4181 441 4244 Deorum
457 4183 489 4244 et
504 4178 670 4263 hominnm,
696 4204 774 4269 quae
795 4206 854 4270 pro
872 4185 1014 4271 reliquiis
1029 4185 1152 4272 linguae
1169 4190 1375 4269 assyriacae,
1399 4200 1484 4268 qnam

301 4287 342 4352 ad
357 4285 503 4352 familiam
517 4287 779 4374 bledo-persicam
794 4296 944 4374 referunt,
962 4294 1114 4359 habentur
1129 4289 1172 4381 ⁴).

400 4394 437 4459 Si
451 4416 526 4461 sero
542 4397 649 4482 plures
666 4401 781 4466 eruditi
797 4404 944 4488 quasdam
959 4422 1054 4466 voces
1067 4401 1243 4468 Hebruismi
1257 4400 1365 4466 biblici
1381 4401 1421 4464 ob
1436 4417 1485 4462 ne·

303 4525 386 4584 xum,
410 4503 464 4588 qui
480 4505 697 4592 antiquissimo
708 4508 774 4593 jam
790 4516 933 4595 tempore
956 4507 1039 4574 inter
1059 4511 1193 4595 populos
1214 4511 1308 4576 Asiae
1322 4492 1484 4574 ¹sinsterioris

303 4616 337 4676 et
353 4605 516 4677 Graeciam
532 4614 634 4680 locum
651 4617 768 4699 habuit,
798 4640 835 4684 er
861 4617 966 4702 lingna
988 4637 1115 4702 praeca
1130 4619 1289 4703 decerptas
1304 4615 1483 4691 existimant,
