3190 5290
269 455 320 532 30

358 633 422 698 Sed
434 655 472 697 ue
483 634 514 696 in
528 633 659 698 diversis
671 631 793 716 quidem
804 631 919 720 linguis
932 635 1030 698 omnis
1042 631 1212 701 similitudo
1226 633 1349 722 penitus
1360 632 1458 700 deest.

266 745 346 824 Quia
370 745 465 822 enirn,
490 764 569 825 quae
591 743 733 806 sensibus
756 751 821 806 tum
845 745 980 808 eisternis
1004 751 1069 808 tum
1088 747 1218 810 internis
1234 749 1458 831 percipiuntur,

266 855 421 936 homines,
446 854 499 934 qui
523 853 660 936 ejusdem
683 859 756 916 sunt
774 859 917 936 naturae,
942 855 1047 920 eadem
1064 857 1185 920 ratione
1202 854 1328 920 afficere
1344 857 1458 938 solent,

264 965 382 1026 iactum
406 969 469 1045 est,
494 969 528 1024 ut
544 965 575 1025 in
590 965 683 1026 rebus
702 963 914 1046 potissimum,
939 985 1017 1046 quae
1033 967 1065 1027 in
1080 987 1189 1029 sensus
1206 967 1335 1050 cadunt,
1360 987 1458 1047 quae-

266 1074 334 1135 dam
348 1070 511 1134 consensio
527 1073 559 1133 in
575 1092 633 1134 usu
649 1071 795 1153 loquendi
812 1073 945 1134 ninnium
962 1074 1134 1159 linguarum
1147 1075 1286 1139 obtineat
1296 1073 1338 1162 3).
1356 1077 1459 1138 ltere·

265 1185 326 1262 ait,
343 1185 426 1266 quod
443 1185 470 1246 si
488 1205 548 1246 non
564 1203 686 1265 omnes,
707 1184 874 1266 pleraeque
891 1191 992 1248 tamen
1006 1193 1127 1272 gentes,
1146 1189 1309 1252 habuerint
1325 1189 1409 1250 inter
1426 1210 1459 1249 se

265 1295 381 1376 aliquid
406 1291 515 1356 saltem
540 1294 739 1372 commercii,
764 1295 846 1375 quod
863 1295 1063 1378 migrationes
1081 1318 1116 1358 ex
1133 1297 1203 1360 aliis
1220 1299 1314 1360 terris
1331 1299 1361 1359 in
1379 1299 1458 1361 alias

263 1423 417 1488 genuere,
442 1422 502 1484 quo
528 1402 642 1465 iactum
667 1409 730 1485 est,
756 1409 791 1464 ut
814 1403 852 1466 ab
869 1405 959 1466 unius
974 1406 1077 1488 gentis
1094 1405 1199 1490 lingua
1215 1406 1330 1488 aliquid
1348 1407 1379 1468 in
1397 1407 1458 1468 lin-

265 1533 357 1597 guam
380 1511 511 1574 alterius
534 1512 728 1574 derivaretur
740 1509 782 1596 ¹²).

298 1675 324 1744 ¹)
345 1680 427 1741 Sunt,
458 1681 501 1739 qui
530 1681 597 1727 inter
623 1679 753 1727 dialectos
773 1683 799 1724 et
819 1679 926 1740 linguas
947 1685 1076 1740 cognatas
1096 1681 1264 1740 distinguunt,
1285 1680 1407 1726 nimirum
1427 1680 1459 1726 ad

339 1775 441 1830 priores
460 1773 616 1832 relerentes,
636 1783 700 1830 quae
720 1783 736 1816 a
762 1771 892 1816 communi
911 1771 994 1830 stirpe
1014 1777 1106 1827 natae,
1125 1775 1163 1818 uti
1184 1773 1339 1819 Graecorum
1359 1777 1388 1818 et
1408 1771 1458 1817 Se·

339 1864 456 1910 initurum
476 1864 596 1918 distenti,
617 1864 648 1909 ad
668 1862 830 1921 posteriores
846 1874 922 1918 vero,
949 1875 1014 1922 quae
1033 1863 1194 1910 abinvicem
1213 1867 1364 1922 procreatae
1385 1867 1456 1915 sunt,

337 1956 374 2002 uti
393 1967 486 2015 graeca
506 1957 532 2001 et
550 1954 638 2014 latina,
658 1954 737 1999 latina
756 1958 783 1999 et
802 1953 900 2014 italica,
920 1958 994 2029 vetus
1004 1955 1148 2012 germanica
1161 1957 1195 2010 et,
1209 1967 1274 2014 quae
1290 1965 1358 2000 nune
1374 1954 1456 2012 viget,
1556 1947 1557 1956 ³

339 2047 430 2092 danica
448 2051 498 2091 ete.
520 2045 595 2090 Cani.
615 2043 704 2090 Morus
725 2044 742 2088 t.
764 2055 788 2088 c.
809 2043 865 2089 Vol.
886 2043 908 2088 l.
930 2057 955 2102 p.
980 2044 1039 2089 172.
1061 2057 1134 2102 seqq.
1164 2048 1213 2090 Ast
1233 2043 1295 2090 lieet
1315 2044 1456 2088 discrimen

338 2139 408 2184 inter
428 2137 531 2198 linguas
552 2137 674 2196 analogas
695 2147 745 2180 non
766 2137 801 2182 eit
821 2136 973 2196 negandum,
994 2137 1052 2195 quie
1070 2142 1155 2184 tamen
1173 2137 1232 2183 iliae
1244 2136 1458 2195 compellationes

336 2231 433 2288 passim
463 2229 610 2288 promiscua
631 2230 807 2286 usurpentur,
837 2227 902 2273 hanc
922 2228 1044 2285 loquendi
1063 2227 1276 2276 consuetudinem
1295 2228 1457 2274 retinendam

337 2320 523 2366 existimamus.

292 2406 318 2474 ²)
338 2411 434 2458 canter
454 2409 521 2454 intra
540 2408 564 2466 S.
584 2409 628 2454 23.
648 2409 680 2454 ll·
701 2409 727 2453 2.
748 2409 779 2452 de
798 2406 915 2454 dialectis
935 2410 1080 2468 proposita.

293 2499 318 2566 ³)
339 2502 382 2548 Sic
412 2503 470 2560 qnia
496 2500 618 2546 tenebrae
648 2513 695 2546 nos
724 2513 810 2546 omnes
840 2501 948 2558 quodam
969 2502 1089 2546 tristitiae
1108 2513 1187 2546 sensu
1206 2497 1340 2558 afficiunt,
1367 2503 1393 2544 et
1413 2500 1455 2544 tux

339 2591 454 2639 omnibus
475 2591 570 2649 aliquid
590 2589 725 2636 hilaritatis
746 2589 838 2650 etiert,
860 2590 959 2651 evenit,
989 2595 1017 2636 ut
1034 2591 1227 2638 diversissimae
1247 2590 1351 2648 linguae
1370 2589 1455 2636 iucem

337 2685 423 2730 dicant
456 2683 487 2726 de
514 2681 620 2740 gaudlo,
651 2685 677 2728 et
705 2680 825 2726 tenebras
848 2681 946 2741 ¹iaciant
974 2680 1110 2739 imaginem
1137 2681 1290 2726 moestitiae.
1318 2679 1452 2735 Similiter,

340 2776 398 2837 quia
417 2775 501 2830 imago
521 2773 560 2817 rei
579 2771 653 2816 nobis
674 2770 845 2830 obversatur,
872 2783 948 2830 quum
975 2772 1048 2818 ideae
1074 2772 1197 2830 quaedam
1217 2773 1242 2818 in
1260 2777 1343 2817 mente
1362 2776 1456 2828 nostra

336 2868 492 2924 formantur,
512 2864 605 2909 iactum
624 2865 684 2916 ast,
705 2865 733 2908 ut
751 2861 871 2907 notiones
890 2873 975 2908 rerum
994 2863 1021 2908 in
1040 2866 1125 2908 mente
1145 2863 1258 2906 orientes
1287 2863 1313 2906 in
1333 2861 1452 2908 omnibus

336 2958 430 3018 linguis
450 2957 531 3013 ideae,
552 2953 683 3012 imagines,
702 2953 815 3011 speeies,
836 2951 946 3012 efligies,
966 2951 1084 3011 figmenta
1103 2957 1153 2998 ete.
1174 2953 1378 3011 appellarentur.

291 3045 319 3115 l)
339 3051 391 3096 ttae
419 3049 450 3094 de
475 3057 555 3091 eausa
583 3044 699 3102 inprimis
728 3049 838 3102 gentes,
869 3056 934 3102 quae
962 3044 1054 3102 opibus
1075 3049 1100 3090 et
1119 3045 1228 3102 imperio
1247 3043 1398 3104 valuerunt,
1426 3047 1454 3090 ut

336 3141 426 3189 Graeci
445 3144 472 3186 et
489 3136 606 3196 Romani,
626 3136 650 3184 in
670 3136 771 3196 linguas
791 3139 952 3183 caeterarum
972 3137 1099 3182 maximam
1119 3137 1168 3182 vim
1187 3136 1340 3184 habuerunt.

629 3325 656 3392 s.
673 3319 717 3380 2⁰.
731 3320 891 3392 linguarum
904 3319 1095 3392 ounepmtra

352 3471 611 3552 Quemadmodam
628 3475 730 3534 autem
746 3469 869 3555 linguae
886 3489 1008 3552 omnes,
1033 3474 1064 3532 et
1084 3468 1206 3551 quidem
1227 3487 1297 3548 eae,
1322 3488 1451 3550 quarum

261 3587 310 3646 est
333 3583 436 3664 aliqua
462 3582 626 3667 cognatio,
656 3583 688 3643 in
715 3581 835 3663 multis,
856 3581 927 3644 illae
951 3601 1042 3660 vero,
1080 3599 1158 3662 qnae
1182 3578 1282 3640 minus
1307 3577 1389 3640 inter
1416 3599 1451 3641 se

261 3694 431 3756 concordes
455 3693 605 3774 existunt,
630 3691 661 3753 in
685 3691 838 3753 nonnullis
861 3697 964 3754 tamen
989 3691 1172 3770 concinunt,
1200 3687 1244 3752 ita
1264 3709 1368 3751 omnes
1385 3694 1451 3750 tum

260 3803 382 3865 ratione
405 3801 557 3882 lactenti,
582 3800 613 3862 id
638 3803 686 3862 est
702 3800 804 3882 quoad
819 3801 1038 3864 vocabulorum
1056 3799 1221 3884 originem,
1247 3798 1400 3862 delectum
1418 3805 1450 3862 et

260 3909 534 3996 significationem,
560 3915 624 3973 turn
644 3910 764 3974 ratione
777 3915 1011 3996 preminentes,
1035 3929 1091 3975 seu
1108 3909 1209 3992 quoad
1225 3909 1356 3989 formas,
1381 3909 1448 3972 ior-

259 4039 437 4102 marumque
465 4039 554 4082 usum
579 4025 610 4083 et
636 4021 919 4102 constructionem,
955 4021 1133 4084 nominatim
1149 4001 1350 4101 antiquiores
1379 4039 1448 4079 cnm

259 4129 503 4208 recentioribuS,
531 4129 698 4193 orientales
724 4152 792 4193 cum
810 4130 1053 4194 occidentalibus
1070 4129 1217 4208 collatae,
1240 4127 1369 4190 multum
1386 4127 1447 4188 dil·

257 4236 342 4300 serre
359 4245 599 4321 cognoscuntur.
623 4240 664 4300 Et
680 4241 801 4320 quidem
819 4242 902 4322 quod
919 4243 1076 4305 leoeiealin
1093 4240 1214 4320 attinet,
1231 4243 1446 4321 praeterquam

260 4347 342 4428 quod
353 4345 418 4428 jam
435 4347 556 4410 radices
573 4355 718 4432 respectu
735 4351 840 4413 habito
858 4351 896 4414 ael
914 4352 1080 4435 elementa,
1104 4349 1215 4431 quibus
1232 4351 1391 4422 constant,
1415 4346 1445 4406 in

258 4456 353 4518 variis
370 4455 483 4541 linguis
500 4457 629 4520 multum
647 4458 949 4543 varient,—quippe
967 4479 1044 4541 quae
1062 4479 1122 4520 non
1138 4457 1238 4520 solum
1255 4455 1285 4517 in
1303 4453 1372 4516 aliis
1385 4453 1444 4516 lin·

256 4564 327 4648 guis
343 4585 483 4650 magnam
500 4571 618 4649 partem
645 4569 930 4652 orronratcpoiiticae
948 4574 1035 4649 sunt,
1059 4569 1090 4630 in
1108 4567 1177 4630 aliis
1194 4587 1252 4628 non
1270 4566 1361 4643 item,
1390 4562 1443 4624 sed

171 4697 179 4707 ·
258 4671 349 4748 et'nm
365 4695 423 4762 pro
441 4673 621 4744 diuersitate
638 4675 793 4749 idiomatis
811 4678 933 4746 diverso
951 4678 1112 4749 literarum
1130 4683 1161 4747 et
1176 4675 1365 4768 syllabarum
1386 4692 1442 4736 nu·
