3112 5284
1223 395 1302 468 237

113 568 459 662 primitivaeticcicsiac
471 593 530 658 pro
543 567 781 654 interpretenda
792 589 817 632 s.
827 568 994 652 Scriptura
1004 569 1138 654 rejicere
1148 577 1254 656 potet
1260 572 1304 662 ¹).

116 687 292 751 Dolendum
315 683 510 749 solummodo
534 687 599 760 est,
622 697 722 764 pauca
743 683 863 742 tantum
885 680 1010 742 Petrum
1028 699 1064 742 cx
1086 679 1194 764 primis
1211 699 1303 744 acrae

115 802 245 859 nostrae
266 793 460 878 temporibus
483 796 606 854 restare
629 788 767 870 scriptu,
792 787 904 870 quibus
927 788 1088 851 doctrinae
1114 787 1304 852 christianae

117 904 322 988 consignatae
338 900 545 964 inveniantur.

143 1083 171 1151 ¹)
191 1088 279 1146 ltsqne
299 1099 330 1134 ex
351 1083 538 1144 antiquissimis
558 1082 695 1136 Patribus,
720 1082 788 1128 hauet
815 1080 891 1128 (lubic
910 1046 1166 1140 riva'Apostolorum
1186 1093 1306 1130 eorumve

193 1175 379 1235 discipulorum
400 1172 591 1232 praedicatione
621 1171 757 1217 instructis
780 1171 830 1216 rite
858 1181 1021 1229 cognosces,
1050 1171 1129 1218 serlus
1156 1170 1258 1218 Domini
1281 1173 1307 1218 ln

192 1278 213 1312 s.
233 1266 336 1313 coense
356 1262 517 1310 institutione
532 1263 656 1319 usurpata
673 1271 751 1306 sensu
772 1259 880 1320 proprio
898 1270 928 1304 ac
945 1259 1058 1316 literslt,
1083 1264 1110 1306 et
1127 1261 1164 1307 its
1182 1262 1214 1309 de
1234 1275 1305 1321 vers,

188 1357 253 1403 reali
280 1367 311 1402 ac
340 1352 505 1402 substantiali
529 1351 678 1409 praesentis
704 1352 822 1410 corporis
851 1357 876 1397 et
904 1350 1040 1409 sauguinis
1069 1349 1134 1399 issu
1157 1351 1253 1399 Christi
1280 1353 1306 1398 in

190 1444 354 1492 Eucharistia
374 1453 433 1490 esse
452 1441 608 1500 accipienda.
632 1439 710 1486 luvet
730 1452 807 1487 nuum
826 1441 965 1488 alterumve
982 1442 1084 1488 illorum
1101 1442 1206 1490 Petrum
1225 1445 1309 1490 uomi-

192 1547 264 1582 usrc.
284 1532 449 1594 lgnstlus
468 1531 501 1578 ill.
519 1531 545 1576 ln
564 1531 679 1590 epistola
696 1531 727 1576 sel
745 1529 914 1588 smyrnenses
933 1531 1069 1578 haereticis
1089 1533 1240 1580 sinumcrst
1252 1545 1308 1588 eos,

193 1625 305 1685 quinon
334 1622 507 1678 confitentur,
534 1621 723 1668 liucharlstiam
750 1632 852 1668 caruem
879 1632 939 1668 esse
964 1621 1104 1668 salvatoris
1132 1623 1218 1669 nostri
1244 1623 1309 1672 lesu

193 1716 300 1775 christi,
322 1727 386 1774 queo
405 1725 453 1772 pro
472 1713 587 1773 peccatls
607 1712 707 1758 nostris
721 1723 800 1770 passa
817 1714 864 1757 est.
893 1711 909 1756 J
915 1711 1050 1758 ustinus
1070 1712 1102 1759 lt.
1121 1713 1308 1760 liuclrsristiem

193 1820 249 1854 cum
267 1805 447 1852 incarnatione
466 1807 599 1862 comparat
618 1803 645 1848 ln
658 1802 783 1861 Apologia
805 1802 825 1848 l.
845 1802 1094 1862 „Qsmnsdmorlstm
1114 1803 1207 1865 iuquit,
1227 1803 1310 1851 Jecur

196 1895 318 1946 cartem
338 1905 449 1942 cursem
469 1894 496 1939 ct
512 1891 670 1952 saepsissent
683 1889 803 1938 cmlitss't
820 1891 933 1937 nostrae
950 1891 1046 1938 salutis
1066 1905 1156 1949 cessa,
1171 1892 1214 1940 ica
1228 1894 1309 1942 etism

195 1995 253 2036 esto
272 1985 429 2035 alimoniam
456 1982 597 2032 incarnati
613 1981 688 2030 illius
706 1981 775 2030 Jesu
794 1995 903 2028 carneos
923 1988 949 2028 st
966 1983 1125 2042 saepsissent
1145 1997 1204 2032 esee
1223 1983 1312 2034 edocet

195 2077 318 2128 samus.”
346 2076 459 2124 lisutlcm
478 2074 620 2120 doctricem
638 2072 717 2119 habes
736 2073 763 2118 in
788 2073 923 2120 irenaei
950 2071 1015 2118 lilnrc
1037 2074 1067 2120 V.
1087 2075 1187 2124 advers.
1206 2077 1309 2124 inseres.

197 2181 255 2230 csp.
275 2170 306 2216 ll.
325 2181 352 2215 u.
373 2169 416 2223 3.,
437 2166 463 2212 ln
484 2164 712 2224 Tertulliani
740 2163 808 2211 libro
828 2165 859 2210 tle
877 2163 984 2210 liesurr.
1004 2165 1108 2225 carnis,
1127 2179 1182 2228 cap.
1201 2167 1265 2214 viii.
1284 2173 1312 2216 rt

193 2259 261 2307 libro
284 2259 325 2306 lV.
347 2259 448 2305 eivers.
468 2255 610 2314 Marcion,
629 2253 657 2300 ln
684 2253 864 2302 clementis
883 2254 1043 2301 Alexand.
1073 2255 1139 2303 libro
1158 2257 1179 2304 l.
1199 2259 1311 2318 Pactius.

194 2361 252 2408 osp.
271 2349 327 2401 vi,
346 2351 374 2395 ut
393 2347 523 2393 mittamus
542 2345 672 2391 citerioris
690 2346 783 2391 aetatis
802 2345 850 2390 hac
868 2345 900 2392 te
919 2355 949 2391 re
967 2345 1132 2408 testimonis,
1159 2361 1183 2396 c.
1204 2362 1229 2408 g.
1250 2347 1310 2406 cs·

195 2440 310 2501 priaul
329 2440 356 2486 ln
375 2438 534 2498 epistola
553 2437 586 2482 at
601 2435 759 2494 caecilium,
779 2436 912 2494 cyrilli
931 2437 1263 2497 illerosoiymltsui
1284 2441 1311 2486 la

195 2531 331 2580 cstecltes.
350 2532 491 2588 mystagog.
510 2527 569 2587 lV.‚
589 2525 842 2585 chrysostomi
859 2526 970 2574 taison.
989 2526 1038 2574 lix.
1057 2529 1224 2590 aliorumque.

147 2615 175 2684 1)
193 2622 341 2680 Austcpism
355 2617 415 2668 fidel
434 2619 472 2666 its
490 2617 646 2665 intellectam
663 2616 743 2677 (quod
754 2629 846 2676 nempe
864 2618 896 2664 sb
913 2618 987 2666 tuitio
1006 2618 1139 2680 religionis
1158 2621 1314 2670 clrrlstisnse

196 2713 323 2760 veritates
354 2709 512 2769 principales
544 2707 707 2762 exstiterint,
735 2719 788 2754 uon
815 2708 937 2756 iuurtstae
968 2710 1075 2756 disertis
1104 2721 1135 2756 sr
1163 2711 1314 2758 indulsitstis

197 2816 219 2850 s.
239 2802 390 2861 scripturae
417 2799 589 2858 testimoniis,
616 2802 729 2846 attamen
757 2799 799 2844 vel
827 2799 965 2846 mauiiesto
997 2812 1028 2846 ex
1052 2811 1151 2846 summa
1180 2801 1315 2848 doctrinae

196 2895 279 2954 ipsius
297 2892 468 2948 resultantes,
488 2890 530 2935 rel
548 2889 579 2934 als
591 2887 723 2948 Apostolls
742 2900 788 2933 cre
804 2889 915 2935 traditu
932 2889 988 2936 suls
1005 2887 1213 2954 successoribus)
1230 2891 1313 2936 inter·

197 2983 352 3045 pretstlcnls
371 2981 512 3028 simsidium
535 2992 612 3038 esse,
632 2981 683 3038 lpsl
703 2978 879 3025 Protestsntes
897 2991 913 3025 s
928 2981 1037 3038 partium
1053 2977 1138 3026 studio
1158 2981 1313 3028 remotiores

196 3077 356 3134 agnoscunt,
376 3076 469 3120 ustura
486 3072 525 3118 rei
542 3071 708 3130 postulante,
735 3071 794 3118 utut
812 3071 940 3118 metarum
961 3070 1094 3118 liccleslaa
1123 3073 1150 3118 et
1177 3069 1315 3118 traditioni

198 3166 301 3213 (livinae
320 3163 415 3210 nullm
434 3163 616 3230 anctoritatem
635 3162 801 3222 dogmaticsm
828 3163 876 3208 hac
906 3163 931 3208 iu
959 3174 989 3208 re
1018 3159 1199 3208 attribuentes.
1231 3163 1270 3210 lts
1289 3163 1316 3210 in

200 3267 296 3315 opere:
317 3253 509 3312 rneoiogre
528 3252 594 3299 unul
612 3252 746 3311 Borma,
766 3251 828 3297 oder
846 3251 911 3297 tiber
929 3253 976 3297 elsa
996 3249 1156 3297 llerhtltnlss
1175 3251 1222 3299 tler
1235 3251 1314 3299 theol.

197 3343 433 3399 wissenschatten,
461 3343 550 3403 Iieipu.
572 3341 651 3388 1817.
671 3355 697 3400 p.
717 3341 762 3386 so.
782 3341 894 3399 legiturr
929 3341 973 3386 llit
992 3339 1105 3388 Unrecht
1123 3341 1176 3387 nuit
1197 3354 1254 3388 msu
1273 3343 1315 3390 (tic

198 3434 320 3493 Analogie
340 3434 387 3480 der
405 3433 489 3480 taire
518 3433 570 3479 unii
591 3433 637 3479 (les
665 3431 796 3480 tilanbeus
826 3431 868 3478 ttr
896 3432 937 3478 ein
961 3429 1133 3478 witituhrilcir
1161 3431 1315 3478 emundcnes

200 3524 296 3574 Gsseta
315 3525 378 3570 aller
395 3523 553 3570 sermionen
571 3523 758 3582 Dopmstiker,
778 3522 863 3567 tndem
881 3531 940 3566 man
958 3521 1028 3566 uicit
1046 3522 1171 3581 crlreunt,
1196 3521 1256 3567 tiass
1277 3522 1316 3568 sis

197 3615 226 3677 1s
244 3613 371 3662 ebentslts
390 3625 449 3660 vom
467 3613 584 3672 Auiauga
603 3613 651 3658 der
674 3611 859 3658 wissenschatt
883 3611 926 3658 itr
951 3611 997 3657 ‹lss
1023 3611 1127 3670 rrtncrp
1147 3613 1218 3660 einer
1236 3611 1314 3660 lilli-

202 3705 282 3752 senen
304 3703 506 3764 luterpretstion
532 3703 654 3762 gerolteu
678 3704 724 3752 iras
747 3703 800 3750 uucl
823 3701 989 3760 notuweutig
1011 3701 1097 3760 gehen
1124 3715 1210 3763 muas,
1242 3715 1318 3751 weuu

203 3796 275 3842 (licre
294 3794 454 3849 consistent,
483 3793 536 3839 und
563 3793 634 3840 nicht
653 3794 710 3841 eine
728 3806 793 3854 vage
812 3792 1052 3852 Proisnauslegung
1071 3792 1117 3838 der
1135 3793 1248 3852 heiligen
1267 3791 1318 3840 llr·

203 3886 307 3932 kunden
326 3897 390 3943 seyu
409 3885 488 3930 soll.”
508 3883 603 3930 Confer
621 3885 780 3944 Augusti,
800 3883 1047 3940 tintoriscii-dogm.
1067 3879 1215 3942 illnleituup
1234 3881 1275 3942 ss.
1291 3883 1318 3928 8.

209 3977 270 4022 toi.
291 3979 345 4022 not.
365 3975 410 4020 lll.
430 3977 457 4020 et
474 3973 516 4020 lie
535 3973 649 4035 clerc,
666 3975 752 4022 Briele
765 3975 865 4033 einiger
876 3973 1071 4021 holitorisciren
1085 3969 1320 4033 Gottesgelehrten.

205 4065 235 4112 Τ.
256 4067 277 4112 l.
296 4078 321 4124 p.
341 4065 384 4111 79.

278 4154 377 4215 Quodsi
395 4166 411 4200 s
429 4153 582 4214 quibusdam
600 4153 691 4202 Pstres
710 4154 846 4202 doctrinae
864 4153 961 4201 christi
978 4155 1007 4200 et
1024 4152 1206 4210 Apostolorum
1228 4161 1259 4196 ex
1278 4151 1319 4196 in·

206 4246 282 4306 genio
301 4258 349 4292 suo
368 4247 508 4290 exornatae
528 4248 607 4304 atque
625 4245 658 4290 sd
677 4245 819 4291 sententias
839 4248 865 4290 et
883 4242 981 4302 placita
998 4242 1223 4302 philosophorum,
1242 4252 1321 4296 prae·

207 4337 283 4396 cipue
300 4335 497 4383 Platonicorum
516 4335 715 4380 transtormstae
733 4333 872 4380 insimulati
895 4335 1014 4388 luerunt,
1043 4330 1074 4377 sb
1094 4333 1146 4378 ists
1171 4328 1322 4386 suspicione

204 4425 257 4485 jam
281 4438 312 4473 ec
339 4425 526 4480 absolvuntur,
559 4426 627 4484 quod
646 4424 759 4469 nonnulli
787 4424 886 4481 quidem
913 4424 1005 4470 Patres
1039 4423 1165 4470 rationem
1192 4417 1323 4465 scribendi

207 4515 411 4574 philosophicsm
428 4515 601 4576 retinuerunt,
620 4513 717 4573 placita
734 4524 799 4558 vero
815 4511 1001 4572 philosophica,
1021 4513 1170 4558 nominatim
1181 4507 1322 4565 Platonica,

208 4606 327 4664 religioni
346 4605 503 4653 christianos
521 4607 586 4652 suec
609 4617 659 4651 uon
675 4603 889 4659 immiscuerunt,
908 4606 936 4649 ut
953 4601 1040 4660 potius
1059 4601 1102 4649 ills
1119 4602 1150 4648 sul
1168 4600 1233 4645 hane
1252 4608 1323 4643 com-
