3092 5286
246 447 322 526 190

333 623 453 690 Contra
473 624 735 700 accommodatio,
767 645 825 688 nec
855 645 917 689 non
945 625 1174 710 argumentatio
1204 643 1240 686 ex
1270 629 1424 690 concessis

246 735 358 798 adesse
374 731 499 818 quidem
515 753 577 797 non
593 733 701 814 debet,
718 731 921 796 salvatamen
942 731 1237 820 hagiographorum,
1253 734 1317 798 imo
1334 735 1426 820 ipsios

242 841 319 906 lesu
336 845 368 905 et
384 841 609 923 Apostolorum
626 839 818 928 ingenuitate
834 843 945 905 adesse
961 845 1085 925 potest,

335 949 371 1038 a)
389 950 449 1014 Ubi
465 953 504 1015 da
519 952 614 1015 meris
629 952 807 1036 praeceptis
824 949 1093 1036 disciplinaribus,
1116 955 1151 1014 ut
1167 951 1291 1030 dicunt,
1315 953 1425 1036 agitur,

245 1080 341 1143 quse,
356 1059 386 1122 si
401 1060 566 1143 prudentia
582 1061 708 1140 suadet,
724 1061 853 1140 dantur,
872 1059 948 1124 licet
963 1059 1025 1122 alin
1040 1059 1171 1123 meliora
1186 1064 1374 1124 censeantur
1385 1057 1424 1144 ἵ).

332 1165 371 1255 b)
388 1167 449 1231 Ubi
470 1168 540 1250 quis
562 1169 595 1232 in
618 1187 712 1231 cansa
733 1168 895 1252 probanda
916 1173 1071 1248 versatur,
1106 1173 1289 1256 argumenta
1319 1173 1424 1250 petere

242 1280 350 1360 potest
372 1297 408 1340 cx
432 1276 591 1340 concessis
616 1281 670 1340 ant
693 1277 760 1340 κατ’
778 1277 963 1364 &obpansa
992 1297 1053 1360 qno
1077 1295 1153 1340 uero
1176 1277 1207 1340 in
1231 1295 1306 1340 casn
1329 1275 1424 1359 probe

244 1382 394 1470 distingui
418 1383 511 1446 debet
532 1381 615 1447 inter
637 1383 822 1447 sententiam
844 1385 1033 1470 probandam
1057 1389 1088 1446 ct
1116 1383 1313 1470 probationis
1336 1403 1425 1468 argn-

244 1496 357 1573 menta,
382 1512 460 1576 quae
476 1491 543 1556 sola
565 1497 700 1576 possunt
723 1512 792 1557 esse
815 1492 1096 1558 accommodationi
1112 1492 1260 1576 obnoxia,
1284 1513 1347 1556 non
1356 1511 1425 1554 vero

244 1601 315 1692 ipsa
336 1601 507 1681 sententia,
525 1621 603 1685 quae
620 1600 772 1684 probatur
786 1599 829 1688 ⁸).

334 1707 370 1796 c)
388 1710 560 1794 Praecipue
575 1707 608 1772 id
625 1709 746 1774 obtinet
761 1709 793 1771 in
809 1710 994 1790 refutando,
1011 1710 1065 1774 ubi
1080 1709 1212 1774 aliorum
1229 1707 1424 1791 opinionibus

244 1817 362 1903 aliquid
380 1816 595 1896 concedimus,
613 1817 686 1901 quin
704 1835 756 1880 eas
770 1817 821 1881 vel
836 1819 1005 1902 probemus
1020 1818 1070 1882 vel
1085 1817 1297 1902 improbemus
1313 1812 1358 1903 ⁹).

335 1925 373 2014 d)
390 1927 458 1992 Nec
476 1927 576 1990 minus
593 1927 632 1989 ad
648 1927 849 1991 illustrandas
866 1928 1037 1992 sententias
1053 1932 1180 1991 nostras
1196 1925 1341 1991 adhiberi
1356 1945 1426 2010 pos·

246 2039 319 2098 sunt
334 2036 467 2099 aliorum
485 2035 663 2119 opiniones,
680 2037 754 2119 quin
769 2033 848 2121 ipsis
865 2035 1074 2123 suffragemur
1090 2033 1149 2126 ¹⁰).

336 2142 371 2230 e)
388 2144 489 2207 Porro
506 2144 676 2224 dictiones,
693 2165 772 2230 quae
788 2145 826 2206 ab
843 2145 1039 2209 auditoribus
1054 2146 1143 2210 vario
1159 2145 1190 2207 in
1207 2163 1320 2222 sensu,
1339 2142 1426 2206 etiam

246 2249 386 2315 tenuiori
402 2252 607 2335 accipiuntur,
623 2275 686 2317 non
700 2273 825 2337 semper
840 2254 1019 2318 necessario
1036 2254 1141 2318 alesu
1154 2253 1282 2336 ejusque
1292 2252 1428 2335 Aposto-

245 2358 286 2422 lis
301 2359 334 2422 in
346 2360 647 2442 sensuperlectiori,
665 2362 719 2444 qui
730 2362 776 2426 eis
788 2361 914 2442 subest,
931 2365 1091 2448 spectatae
1102 2363 1277 2428 credendae
1290 2364 1365 2422 sont
1376 2357 1427 2446 ¹¹).

335 2466 372 2555 1)
389 2469 529 2554 Denique
545 2472 791 2536 accommodatio
807 2470 910 2538 locum
925 2471 1042 2536 habere
1058 2475 1180 2554 potest,
1203 2469 1258 2533 nbi
1271 2467 1428 2552 loquentis

237 2577 412 2642 consilium
427 2578 708 2644 manifestationem
724 2600 799 2644 snae
821 2580 977 2664 opinionis
998 2601 1061 2646 non
1078 2579 1191 2666 exigit,
1216 2578 1261 2642 ita
1282 2583 1318 2642 nt
1334 2596 1427 2662 prop·

247 2688 352 2765 terea,
370 2687 453 2770 qnod
468 2687 537 2770 ipse
552 2689 685 2770 sentiat,
701 2689 838 2753 reticere
854 2689 949 2756 liceat
965 2685 1021 2776 ¹²).

337 2795 503 2860 Caeterum
525 2819 595 2861 cnm
616 2798 695 2863 banc
716 2797 1016 2864 accommodationis
1039 2797 1295 2884 praeceptionem
1316 2794 1428 2877 ubique

246 2904 337 2988 sequi
352 2901 568 2970 difficillimum
584 2911 678 2991 atque
690 2907 797 2971 multis
808 2907 968 2972 erroribus
981 2907 1024 2972 sit
1036 2907 1211 2989 obnoxium,
1223 2905 1306 2968 hand
1322 2921 1429 2987 super·

242 3012 342 3078 uuum
369 3013 446 3097 erit,
473 3035 532 3099 pro
555 3014 720 3102 dirigendo
741 3017 774 3079 in
800 3015 924 3102 exegesi
939 3015 1113 3100 interprete
1139 3013 1241 3078 adhoc
1268 3009 1431 3096 sequentia

247 3143 375 3188 monere
386 3142 396 3184 ι

336 3257 369 3297 α.
396 3233 431 3295 ln
453 3231 562 3318 regula
590 3232 721 3317 quilibet
748 3253 765 3297 e
796 3252 854 3298 sna
884 3233 1041 3298 sententia
1067 3233 1155 3318 loqui
1179 3230 1356 3296 censendas
1378 3229 1430 3303 est,

242 3343 387 3427 'adeoque
403 3361 558 3426 nunquam
573 3361 636 3407 non
652 3347 799 3410 accurate
815 3341 978 3426 probanda
999 3343 1049 3406 est
1065 3341 1224 3425 exceptio,
1248 3339 1278 3402 si
1300 3336 1330 3401 ei
1345 3337 1429 3400 locus

243 3451 368 3514 dandus
385 3451 587 3516 existimatur.

337 3557 370 3641 β.
394 3557 565 3621 Rarissime
578 3561 679 3621 antem
689 3579 747 3642 pro
760 3578 818 3621 usn
830 3555 1125 3622 accommodationis
1141 3559 1173 3618 et
1188 3551 1430 3640 argumentatio·

244 3663 294 3726 nis
311 3686 347 3728 ex
364 3666 525 3729 concessis
542 3666 698 3730 certitudo
715 3665 823 3730 haberi
839 3670 957 3750 potest,
975 3686 1043 3732 cum
1059 3664 1198 3728 rationes
1214 3663 1308 3726 modo
1324 3681 1429 3724 recen·

247 3770 329 3834 sitae
357 3771 481 3834 nonnisi
507 3770 575 3854 ejus
602 3772 842 3855 possibilitatem
860 3774 1018 3852 evincant,
1046 3772 1239 3858 quapropter
1264 3767 1326 3830 hac
1352 3767 1385 3830 in
1400 3786 1430 3830 re

250 3878 395 3942 cautione
412 3899 491 3963 opus
508 3885 566 3944 est.

272 4074 297 4142 ¹)
316 4082 399 4128 Prout
417 4093 441 4128 e.
462 4093 488 4140 g.
508 4080 601 4127 Psulus
621 4082 641 4128 l.
662 4081 726 4130 cor.
745 4080 798 4130 XV.
816 4082 1034 4130 resurrecttonem
1059 4083 1219 4128 mortuorum
1243 4079 1327 4126 sartis
1355 4090 1429 4137 argu·

317 4169 411 4217 mentis
427 4170 531 4226 evincit,
551 4169 583 4214 ab
603 4169 789 4230 objectionibus
808 4171 928 4228 vindicat,
949 4173 976 4218 et
995 4170 1141 4218 contrarias
1162 4169 1306 4217 sententias
1326 4168 1428 4214 refutat·

269 4275 295 4340 ²)
316 4279 353 4324 Ex
370 4278 420 4324 hec
438 4277 524 4336 eapite
545 4276 624 4324 desua
643 4277 718 4324 Joan.
737 4278 768 4337 V,
789 4279 833 4324 21.
853 4289 911 4338 sqq.
939 4277 971 4326 de
999 4277 1192 4324 resurrectione
1220 4277 1381 4321 mortuorum
1407 4271 1431 4316 et

313 4367 410 4428 judicto
440 4369 552 4415 extremo
582 4368 691 4426 loquens
721 4379 770 4416 sua
798 4378 876 4416 sensa
902 4377 1051 4428 proponere
1075 4363 1260 4414 existimandus
1279 4367 1331 4411 est.
1362 4363 1428 4410 cons

272 4475 274 4482 ¹
319 4470 399 4516 supra
417 4457 441 4517 S.
462 4459 504 4504 91.
525 4457 550 4503 1.
570 4460 625 4504 not.
645 4457 671 4503 5.

271 4561 297 4628 ³]
316 4567 399 4614 vetuti
418 4565 491 4612 toan.
511 4567 538 4627 1,
560 4564 584 4613 1.
607 4565 767 4616 tacebatis
786 4566 908 4616 versibus
930 4565 971 4613 15.
990 4565 1033 4613 27.
1054 4565 1096 4614 30.
1127 4562 1170 4611 obt
1188 4561 1355 4622 basogettsta
1372 4559 1431 4606 Jesu

316 4657 543 4719 praeexistentiam
562 4655 664 4718 probat.
