3118 5282
259 445 339 522 382

351 625 383 687 2.
415 621 451 686 Si
482 622 520 684 ad
549 621 696 704 profanas
728 625 761 684 et
788 618 1018 706 mythologicas
1047 617 1245 682 narrationes
1277 623 1448 702 provocant

259 735 453 811 statuentes,
488 729 685 793 narrationes
707 727 839 792 biblinas
861 748 949 792 more
973 725 1096 790 illarum
1120 747 1182 789 nou
1204 745 1295 809 esse,
1320 727 1385 790 nisi
1405 727 1450 790 iu·

259 841 389 905 volucra
401 839 593 904 diversarum
606 835 830 914 doctrinarum,
854 839 904 898 sat
915 831 1036 900 infirma
1048 839 1307 923 argumentantur
1318 836 1450 914 ratione,

259 951 331 1034 quia
348 949 472 1012 minime
489 951 633 1028 constat,
656 946 727 1010 illas
744 945 940 1010 narrationes
957 945 1103 1028 primitus
1127 966 1197 1009 cum
1218 946 1251 1008 in
1278 943 1393 1024 linem,
1415 950 1447 1008 nt
1550 959 1551 980 ³

262 1058 480 1124 sublimiorum
496 1056 662 1120 veritatum
689 1053 877 1140 signarint,
901 1051 1001 1118 luisse
1019 1054 1229 1140 excogitatae,
1253 1075 1328 1118 cum
1346 1055 1448 1136 potius

258 1164 438 1249 posteriore
462 1167 623 1247 tempore,
647 1167 682 1226 ut
699 1163 898 1226 observatum
915 1165 982 1240 cst,
1007 1162 1113 1226 studio
1136 1181 1190 1225 eas
1206 1162 1245 1225 ab
1266 1161 1448 1225 absurdita-

257 1273 343 1337 tibus
359 1271 513 1357 purgaudi
534 1271 687 1355 ejusmodi
704 1269 942 1354 explicationem
965 1269 1028 1334 sint
1051 1274 1173 1333 nactae.
1220 1269 1302 1334 Dein
1316 1269 1387 1352 jam
1405 1270 1449 1332 di-

260 1379 351 1444 cendi
367 1379 448 1444 ratio
466 1399 491 1443 s.
515 1379 719 1464 scripturae,
744 1398 824 1462 quae
849 1376 1037 1442 brevitatem
1066 1383 1099 1442 ct
1123 1377 1366 1461 simplicitatem
1388 1378 1451 1440 sine

264 1490 349 1554 omni
372 1489 445 1554 luco
467 1492 626 1567 sectatur,
650 1493 744 1571 atque
761 1485 928 1550 consilium
947 1485 1167 1550 introducendi
1186 1491 1218 1549 ct
1243 1486 1451 1550 conservandi

261 1617 368 1662 veram
384 1596 568 1682 religionem
585 1595 636 1682 (S.
655 1594 749 1676 133.)
767 1615 834 1660 cam
851 1616 921 1660 cum
936 1594 1102 1682 gentilium
1115 1594 1312 1680 mythologie
1330 1595 1365 1658 in
1382 1615 1454 1659 eun-

264 1709 333 1770 dern
351 1705 506 1770 cumulum
523 1705 638 1770 referri
654 1725 715 1768 non
738 1703 916 1788 patiuntur,
947 1704 1010 1768 imo
1032 1709 1141 1788 aperte
1166 1709 1273 1768 notam
1298 1704 1454 1768 laetorum

265 1815 451 1880 biblicorum
468 1813 635 1900 mytbicam
653 1817 815 1896 respuunt.
862 1811 1004 1897 Denique

353 1926 385 1990 3.
410 1923 438 1989 si
462 1923 595 2007 plurima
621 1921 722 2004 iacta,
746 1943 825 2005 quae
853 1921 885 1986 in
902 1943 928 1986 s.
953 1920 1121 2007 Scriptura
1144 1925 1343 2003 occurrunt,
1379 1921 1459 1986 veris

262 2032 356 2096 iactis
381 2038 602 2112 accensentur,
627 2031 700 2115 quia
716 2031 755 2096 ab
771 2029 955 2096 auctoribus
983 2051 1045 2114 qua
1067 2031 1143 2096 talia
1171 2029 1372 2108 relerenter,
1398 2051 1457 2114 quo

257 2140 331 2225 jure
346 2141 510 2223 assuitur,
534 2140 595 2206 alia
610 2141 648 2206 ab
661 2141 738 2225 ipsis
755 2141 865 2204 eodem
880 2140 971 2204 modo
984 2145 1112 2205 narrata
1125 2139 1265 2224 mytbica
1281 2158 1368 2219 esse,
1383 2139 1458 2203 licet

270 2271 340 2313 cum
371 2249 437 2314 illis
468 2249 645 2313 arctissime
673 2250 878 2329 cohaereant,
913 2253 945 2313 et
967 2247 1035 2313 sine
1067 2248 1150 2313 omni
1180 2246 1293 2311 mutati
1334 2246 1460 2312 consilii

268 2357 385 2422 indicio
409 2358 599 2421 narrentur?

359 2465 494 2530 Ratione
512 2465 643 2532 alterius
662 2467 838 2550 mylborum
852 2465 996 2552 generis,
1020 2483 1099 2547 quos
1123 2462 1153 2525 in
1184 2461 1376 2528 adulteratis
1397 2464 1463 2528 iac·

260 2583 367 2640 turum
395 2574 623 2639 narrationibus
662 2595 717 2640 ore
744 2574 870 2640 traditis
892 2578 1064 2657 reponunt,
1100 2571 1352 2638 Introductionis
1377 2575 1411 2638 in
1437 2593 1460 2636 s.

266 2683 463 2767 Scriptorum
495 2684 657 2766 provincia
689 2689 754 2765 est,
777 2682 870 2748 iidem
900 2683 1001 2767 ipsius
1032 2681 1214 2746 historicam
1245 2681 1408 2766 probare,
1433 2685 1461 2743 ct

268 2796 379 2856 contra
410 2791 504 2855 dubia
535 2791 711 2856 defendere.
768 2792 829 2855 llic
861 2811 960 2874 pauca
990 2791 1022 2855 in
1053 2793 1134 2856 bunc
1165 2788 1258 2854 finem
1290 2791 1460 2854 adnotasse

255 2897 416 2964 sufficiat.

361 3007 398 3072 Si
414 3029 451 3073 ex
467 3013 627 3092 oaoloya'o
648 3029 722 3073 cam
738 3013 879 3074 historio
899 3010 1063 3092 profano,
1087 3027 1166 3090 quae
1181 3011 1266 3071 teste
1280 3007 1457 3071 Varrone

270 3117 351 3200 apud
367 3115 512 3199 antiquas
529 3117 672 3181 nationes
688 3117 719 3178 in
736 3121 804 3180 tres
821 3123 956 3197 aetates,
981 3137 1091 3200 nempe
1106 3126 1246 3181 oetatem
1270 3117 1459 3196 obscuram,

268 3245 330 3306 uno
346 3225 469 3290 nomiae
485 3225 704 3310 appellabatur
719 3225 954 3308 antiquissima,
977 3229 1152 3309 mythicam
1159 3271 1171 3302 ,
1205 3243 1285 3309 quae
1310 3223 1360 3286 illi
1388 3244 1459 3286 suc·

271 3333 386 3414 cessit,
411 3339 443 3399 et
458 3335 538 3398 lalsa
561 3334 697 3398 admixta
722 3334 807 3396 veris
830 3334 948 3414 refert,
983 3339 1015 3397 et
1039 3335 1230 3400 diatonicam
1254 3332 1461 3416 dispescitur,

269 3442 432 3506 bistoriam
459 3463 579 3508 sacram
612 3442 749 3524 ejusdem
779 3464 849 3506 cum
876 3443 931 3505 illa
955 3442 1071 3508 indolis
1094 3461 1164 3506 esse
1195 3445 1377 3519 antumant,
1403 3461 1460 3502 aon

266 3555 387 3614 tantum
415 3551 517 3615 minus
538 3558 627 3616 recta
643 3551 881 3637 argumentandi
896 3551 1019 3616 ratione
1035 3555 1184 3631 utuntur,
1208 3551 1264 3612 sed
1280 3555 1459 3633 praetcrea,

267 3659 306 3721 ad
328 3659 454 3745 ingens,
479 3662 563 3745 quod
590 3681 710 3725 sacram
733 3661 817 3723 iuter
838 3667 870 3724 et
886 3660 1049 3744 profanam
1072 3658 1237 3724 historiam
1254 3659 1381 3721 ratione
1397 3677 1461 3720 ma·

265 3766 366 3830 teriae
391 3773 424 3832 et
444 3769 563 3834 forulae
587 3767 755 3832 intercedit
778 3767 964 3850 discrimen,
999 3789 1060 3832 aon
1082 3769 1259 3831 attendunt.
1318 3767 1354 3828 ld
1381 3766 1460 3828 enim

267 3873 332 3936 tale
350 3879 416 3954 est,
439 3882 474 3939 ut
489 3878 543 3960 qui
558 3883 622 3940 tum
639 3898 691 3942 res
708 3884 863 3957 narratas,
886 3882 951 3940 tam
970 3877 1117 3942 narrandi
1129 3877 1282 3940 rationem
1299 3895 1327 3937 s.
1345 3875 1460 3958 Scrip-

265 3986 359 4046 turae
387 4004 456 4046 cum
484 3983 709 4066 antiquissimis
732 3987 862 4050 aliarum
889 3987 1029 4070 gentium
1052 3985 1259 4048 relationibus
1277 3983 1330 4046 vel
1356 3983 1462 4046 obiter

266 4091 510 4175 comparaverit,
535 4111 597 4153 aon
613 4093 714 4176 possit
730 4117 791 4156 non
808 4094 933 4175 videre,
957 4094 1030 4157 illas
1045 4095 1084 4158 ab
1100 4093 1149 4156 bis
1167 4093 1244 4156 adeo
1261 4091 1459 4174 discrepare,

265 4204 302 4261 ut
329 4205 415 4263 aetas
439 4200 575 4264 obscura
590 4205 622 4263 et
638 4203 774 4286 mythice
796 4223 821 4265 s.
839 4203 1025 4285 scripturae
1048 4202 1172 4268 minime
1189 4200 1377 4279 conveniat,
1406 4199 1461 4260 sed

265 4307 297 4370 in
322 4313 359 4372 ea
375 4309 477 4372 omnia
493 4309 645 4372 historica
662 4311 801 4375 habenda
816 4313 890 4375 sint.
930 4313 979 4374 lta
994 4313 1025 4374 iu
1043 4312 1257 4374 Hebraeorum
1274 4309 1381 4386 libris,
1411 4306 1462 4390 qni

266 4415 342 4479 licet
364 4418 487 4481 ratione
509 4418 621 4482 aetatis
644 4420 741 4484 multo
763 4423 903 4505 priores,
926 4439 1017 4502 quam
1038 4419 1170 4482 aliarum
1192 4415 1354 4480 nationum
1373 4415 1458 4494 libri,

265 4545 327 4586 non
343 4546 362 4588 a
377 4526 595 4610 polytbeismo,
611 4527 769 4594 uberrimo
785 4531 963 4614 mytborum
980 4534 1012 4592 et
1028 4528 1203 4590 fabularum
1219 4525 1309 4589 laute
1327 4525 1460 4587 ordiun-

266 4636 341 4712 tur,
365 4654 427 4696 non
445 4640 615 4700 occurrunt
630 4635 765 4702 Dcarum
780 4639 980 4722 Deorumque
997 4635 1161 4716 connubia,
1184 4633 1344 4699 adulteria
1358 4637 1459 4714 atque
