3190 5290
277 375 331 450 26

351 557 445 603 watra
461 550 586 612 gotrotisu
606 549 689 598 habau
705 563 738 596 uu
757 547 860 610 moilen,
881 547 958 594 ostiu
977 559 1010 594 su
1028 546 1260 607 beschoidou„dss
1274 547 1406 612 subiectio
1418 555 1473 600 aad

351 647 443 694 relativ
458 645 602 704 Richtigsta
621 641 733 690 crreicht
750 655 782 688 uu
801 640 914 688 hubcu.”
935 639 1010 688 Cont-
1031 639 1119 698 etiam,
1136 653 1200 700 quae
1216 640 1318 702 Jahn,
1338 641 1474 691 Euchirid.

353 739 379 796 s.
409 739 437 782 tt
468 736 500 782 ds
528 734 635 782 criterio
659 744 750 781 sensus
778 733 851 780 certo
880 730 946 784 tetri,
971 733 997 778 ct
1026 729 1051 790 ς.
1080 731 1124 777 2⁰.
1150 731 1182 778 do
1204 733 1342 780 contextus
1363 732 1389 779 vt
1408 746 1472 796 pro-

352 828 429 876 bandi
449 825 550 874 scribla.

768 1037 928 1118 CAPUT
956 1037 983 1114 1.

527 1222 563 1280 on
583 1220 677 1282 seusu
696 1215 883 1280 uxnuomnn
903 1216 958 1275 rea
976 1215 1056 1275 usur
1075 1218 1223 1308 nouorum

651 1408 679 1476 s.
695 1403 1100 1478 commemorassem

370 1539 448 1603 Cum
464 1537 569 1619 itaque
590 1537 621 1600 in
638 1555 729 1600 sensu
753 1533 909 1616 loquentis
929 1533 1156 1618 perscrutando
1173 1537 1251 1598 tanti
1266 1539 1415 1602 momenti
1431 1540 1476 1602 sit

276 1669 352 1711 usus
369 1645 526 1728 loquendi,
543 1649 580 1708 ut
595 1666 631 1708 ex
649 1665 685 1706 oo
701 1643 826 1729 genuini
842 1663 951 1706 sensus
964 1641 1100 1706 inventio
1116 1643 1257 1728 inprimis
1273 1645 1417 1730 pendeat,
1433 1649 1474 1710 ad

276 1779 345 1820 eum
363 1777 451 1820 omne
468 1755 603 1818 studium
622 1753 764 1816 conferre
782 1752 950 1837 oportebit.
982 1754 1183 1837 Quapropter
1199 1757 1235 1816 ut
1250 1753 1473 1838 prosectionem

195 1937 199 1956 ¹
275 1887 351 1929 usus
367 1864 514 1948 loquendi
531 1863 637 1930 biblici
654 1863 863 1949 cognitionem
887 1861 1099 1944 acquiramus,
1124 1863 1212 1946 prius
1233 1868 1410 1947 pecorales
1428 1870 1474 1932 de

272 1996 337 2039 usu
353 1975 508 2057 loquendi
523 1975 770 2038 connectiones
786 1977 975 2054 statuemus,
1000 1971 1070 2034 dein
1095 1971 1218 2035 easdem
1245 1974 1283 2036 ad
1308 1995 1407 2039 osum
1422 1979 1473 2041 io-

274 2086 398 2166 quendi
424 2085 576 2147 biblicum
604 2085 636 2144 et
662 2082 951 2166 interpretationem
977 2101 1003 2144 s.
1021 2081 1206 2165 Scripturae
1221 2085 1473 2148 accommodabi-

273 2216 351 2258 mus.
365 2194 445 2272 Quia
460 2214 535 2256 vero
552 2193 583 2256 io
599 2214 657 2256 usu
672 2193 830 2274 loquendi,
846 2197 911 2256 tum
927 2192 1100 2279 generatim
1115 2198 1181 2256 tum
1197 2193 1311 2260 biblico
1327 2201 1472 2280 accepto,

272 2303 495 2386 dispiciendum
520 2302 613 2384 venit,
639 2301 692 2384 qui
716 2302 768 2382 sit,
793 2323 830 2365 ac
853 2302 933 2364 unde
954 2299 1021 2383 ejus
1044 2301 1182 2387 cognitio
1200 2306 1417 2387 comparetur,
1441 2306 1474 2368 iu

274 2415 410 2493 utroque
427 2411 489 2474 isto
507 2415 644 2476 tractatu
667 2411 786 2482 animus
810 2411 848 2474 ad
873 2411 934 2474 duo
958 2410 1140 2475 reserandus
1164 2412 1243 2492 erit,
1267 2413 1306 2475 ad
1329 2414 1475 2478 indolens

272 2521 415 2583 nimirum
432 2541 507 2585 usus
524 2521 670 2604 loquendi
688 2521 946 2606 cognoscendam,
963 2524 995 2584 et
1011 2520 1183 2604 adfantes,
1199 2521 1364 2604 exquibus
1379 2523 1474 2590 istam

271 2629 398 2693 haurire
413 2629 488 2694 lieet
505 2630 732 2716 cognitionem,
751 2629 969 2716 designandos.

715 2861 969 2930 TRAOTATUS
993 2865 1017 2928 l.

623 3025 659 3082 DE
688 3025 746 3084 USU
775 3023 915 3088 rotonum
943 3023 970 3082 ΙΝ
999 3023 1119 3083 GENERE.

706 3214 736 3262 A·
762 3210 850 3262 qus
869 3211 1036 3268 INDOIAES,

585 3379 612 3446 s.
637 3372 672 3433 lt.
699 3374 806 3433 rotrone
827 3339 930 3445 iusum
953 3371 1158 3432 consideranda.

288 3585 290 3590 Ι
364 3507 433 3584 Quo
451 3503 631 3567 accuratius
652 3501 787 3566 indolem
811 3520 886 3564 usus
911 3500 1059 3583 loquendi
1081 3501 1324 3586 perspiciamus,
1349 3523 1416 3568 eam
1439 3505 1471 3568 iu

272 3617 437 3680 internam
460 3617 493 3674 et
516 3621 694 3676 externam
718 3610 897 3694 dispesoere
915 3608 1022 3692 juvat,
1046 3615 1200 3694 quatenus
1215 3612 1337 3678 ratione
1353 3614 1471 3698 prioris

271 3728 370 3811 ipsam
395 3728 536 3786 naturam
560 3742 672 3803 nexus,
697 3721 805 3804 quiin
829 3721 936 3804 quavis
960 3722 1065 3808 lingua
1088 3723 1171 3786 iuter
1190 3744 1286 3788 voces
1302 3723 1470 3806 earumque

274 3831 520 3921 significationes
536 3830 721 3908 intercedit,
738 3834 932 3915 spectamus,
949 3831 1071 3895 ratione
1088 3851 1163 3895 vero
1180 3832 1370 3916 posterioris
1386 3833 1471 3898 rela-

272 3945 388 4008 tionem
405 3939 640 4027 (cognationem
657 3941 690 4001 et
707 3936 975 4026 discrepantiam),
1000 3959 1079 4022 quae
1095 3939 1177 4002 inter
1193 3939 1332 4004 diversas
1349 3939 1472 4029 linguas

273 4055 378 4119 locum
394 4053 505 4129 habet,
522 4048 719 4114 attendimus.
745 4049 908 4114 Interioris
925 4047 1041 4114 indolis
1056 4049 1140 4114 ratio
1158 4053 1208 4114 est
1223 4050 1382 4131 trahenda,
1399 4052 1471 4134 quia

275 4185 310 4227 ex
326 4159 474 4226 firmitate
492 4163 524 4223 et
540 4159 715 4223 constantia
729 4158 815 4222 illius
836 4178 931 4223 nexus
949 4157 1048 4221 omnis
1064 4158 1222 4224 certitudo
1238 4159 1471 4224 hermencutioa

273 4271 407 4357 pendet,
436 4274 563 4332 externa
586 4272 688 4331 autem
711 4269 907 4352 respicienda
930 4272 996 4350 est,
1021 4266 1094 4349 quia
1115 4269 1188 4332 indo
1211 4273 1277 4332 tum
1301 4269 1472 4354 egregium,

275 4380 358 4463 quod
374 4399 432 4462 pro
449 4377 623 4464 linguarum
640 4379 746 4441 studio
761 4379 793 4440 in
810 4397 915 4441 earum
934 4375 1103 4440 collatione
1126 4377 1205 4440 latet
1228 4377 1419 4458 subsidium,
1443 4383 1475 4442 et

276 4489 368 4554 simul
389 4487 550 4552 cautiones
571 4487 602 4549 in
626 4488 684 4550 irae
709 4487 876 4550 collatione
900 4485 1057 4550 habendae
1079 4487 1269 4572 derivantur,
1294 4491 1371 4568 tum,
1395 4507 1474 4570 quac

274 4597 405 4687 singuiis
414 4596 528 4686 linguis
541 4595 671 4686 propria
682 4600 756 4664 aunt
772 4600 805 4664 et
819 4595 1003 4686 peculiaria,
1019 4596 1247 4688 intelliguntur,
1265 4596 1476 4684 tumdcnique
