3112 5284
265 441 342 518 211

335 627 409 672 estur
422 622 569 672 sulostaotte
584 622 651 682 alls,
670 633 746 682 quem
762 633 827 681 quse
844 620 935 668 lisdem
955 620 1041 668 verbis
1055 621 1218 680 designatur,
1238 619 1288 668 hoe
1309 625 1353 670 cst
1365 629 1446 669 verum

336 715 433 764 consu
449 726 545 774 corpus
567 725 698 774 verusque
723 713 847 770 sanguis,
868 713 894 756 in
910 723 973 770 qnae
992 712 1066 770 panis
1092 716 1118 758 et
1136 713 1222 757 vinum
1239 723 1370 758 conversa
1384 717 1447 758 suot.

335 805 439 862 Contre,
459 807 482 851 st
500 804 652 864 quietorum
664 801 750 849 Metto.
760 803 817 862 111,
840 802 884 848 31.
897 803 941 848 32.
958 803 990 849 (le
1009 806 1115 860 peccato
1136 802 1163 848 ln
1177 801 1303 861 Splritum
1323 815 1363 857 s.,
1384 804 1446 862 quot

334 909 389 944 nos
411 895 559 943 remittitor
576 894 605 942 iss
620 895 672 943 too
691 895 819 952 saecolo,
839 906 925 956 scqsse
942 892 969 939 ts
989 891 1100 954 futoro,
1120 893 1160 940 rel
1174 893 1237 940 illud
1254 893 1336 940 asar.
1362 894 1446 952 Vl,s.

335 997 390 1045 sqq.
411 985 580 1048 Impossibile
601 985 641 1031 cst
657 996 711 1040 eos,
732 983 777 1046 ossi
786 984 870 1031 semel
878 983 1099 1030 esnttllsots'eott
1107 1007 1141 1018 -
1153 1009 1184 1018 -
1196 1007 1231 1016 —
1245 1009 1276 1020 -
1290 985 1317 1030 st
1327 981 1450 1046 prolapsi

333 1077 411 1136 cans,
430 1087 530 1124 mess
553 1067 685 1122 resoesrt'
709 1075 744 1122 sd
765 1073 977 1136 poenitentium,
1006 1075 1042 1120 ita
1064 1073 1257 1132 intelligendum
1284 1070 1396 1130 oeuset,
1422 1078 1449 1118 ut

335 1167 447 1221 sumat,
468 1177 528 1214 esse
547 1167 668 1224 peceato,
688 1163 796 1224 questu
814 1163 854 1210 his
871 1163 936 1210 locta
954 1166 1205 1216 commemorantur,
1225 1166 1278 1208 tam
1297 1165 1405 1222 gravis,
1424 1167 1450 1208 ut

333 1255 476 1302 concionari
494 1253 784 1302 mtutsterloncelsstec
802 1253 870 1300 nullo
893 1253 969 1300 modo
983 1252 1102 1316 possint,
1122 1252 1209 1300 verbis
1228 1253 1330 1300 christi
1345 1255 1447 1314 ejusque

332 1347 449 1406 Apostoli
472 1345 630 1393 sententiam
648 1345 740 1392 lateam
760 1344 890 1404 obtrudit3
911 1349 1069 1404 quapropter
1092 1349 1164 1391 recte
1181 1343 1361 1405 concluditur,
1381 1346 1446 1392 illam
1542 1379 1543 1396 ,

334 1435 519 1495 expositionem
534 1437 681 1483 mendosam
702 1447 774 1482 esse.

288 1524 317 1586 6)
337 1527 375 1572 lox
387 1527 436 1573 hoc
452 1527 546 1587 csplte,
567 1525 686 1574 sltloees
703 1525 799 1573 (tenes.
815 1525 835 1585 l,
857 1527 900 1571 lo.
921 1523 1027 1571 scribite
1047 1525 1122 1573 Fecit
1138 1526 1210 1574 Deos
1227 1527 1280 1572 eleo
1298 1526 1448 1573 luminario

331 1629 430 1679 mopso
440 1614 533 1681 (solem
547 1617 685 1678 ellonem),
695 1621 723 1664 et
733 1617 815 1664 loeus
824 1617 857 1672 x,
869 1617 908 1664 12.
920 1617 961 1662 13.
973 1616 1080 1677 legitur,
1089 1617 1122 1664 ad
1131 1617 1275 1662 mentatum
1284 1617 1364 1676 hujus
1375 1617 1445 1664 ducis

331 1707 441 1758 stetisse
458 1710 543 1756 solem
561 1708 589 1756 is
606 1708 693 1756 stelio
712 1707 782 1756 coeli
796 1710 822 1754 et
839 1721 893 1754 nos
911 1704 1059 1768 festinasse
1076 1707 1233 1756 occumbere
1257 1707 1350 1769 spatio
1371 1708 1447 1756 euius

329 1798 397 1855 stet,
416 1799 479 1846 llcet
495 1800 592 1846 nostris
607 1799 766 1859 temporibus
782 1811 856 1846 nemo
873 1799 1046 1846 astronomiae
1060 1799 1100 1845 rel
1115 1811 1203 1858 parum
1220 1800 1326 1858 peritus
1343 1800 1448 1856 nesciat,

331 1891 417 1937 lunam
436 1889 545 1936 omnium
562 1901 700 1950 corporum
724 1889 873 1936 coelestium
888 1890 967 1936 facile
988 1902 1048 1936 esse
1067 1889 1211 1949 minimum,
1232 1893 1260 1936 et
1282 1890 1368 1936 solem
1394 1891 1448 1936 loco

328 1992 379 2026 noo
397 1981 505 2034 moveri,
526 1980 573 2026 secl
591 1984 671 2034 stare,
691 1983 789 2025 terram
804 1991 868 2026 vero
881 1980 951 2025 circs
969 1991 1027 2026 eum
1040 1979 1092 2038 agl,
1111 1981 1243 2038 interpres
1262 1979 1345 2026 salvis
1363 1986 1446 2027 estro-

335 2071 437 2116 nomtse
458 2069 560 2128 legibus
582 2072 693 2130 statuet,
723 2083 746 2116 s.
767 2067 928 2128 scripturam
954 2081 998 2116 ees
1022 2082 1067 2116 res
1094 2071 1149 2125 lta,
1184 2073 1212 2116 nt
1239 2081 1300 2116 esse
1325 2072 1449 2124 ridentur,

331 2161 499 2220 exposuisse,
519 2160 551 2208 ed
571 2165 671 2220 ceptum
684 2160 813 2208 hominum
829 2160 984 2206 incultorum
1003 2161 1173 2216 descendens,
1200 2161 1276 2208 conl.
1292 2161 1418 2222 Kepplc
1426 2174 1448 2216 r,

332 2250 449 2308 opimos
466 2249 639 2296 sstronomlse
655 2250 845 2308 copernicanae
858 2263 884 2308 p.
901 2251 959 2297 1³8.

286 2341 315 2402 7)
335 2339 434 2388 Etenim
447 2339 571 2388 revelatio
588 2340 731 2387 immediata
747 2352 794 2388 seu
810 2339 902 2388 stricte
921 2341 980 2387 talis
992 2339 1110 2386 recondit
1126 2340 1270 2401 verltstes,
1291 2343 1318 2387 in
1340 2356 1446 2401 quarum

329 2429 395 2476 rstlo
413 2429 520 2475 humens
541 2428 591 2475 sibl
609 2430 703 2476 relicte
715 2441 841 2489 nunquam
858 2430 947 2477 ventre
964 2431 1094 2490 potuisset
1114 2431 1294 2489 cognitionem.

805 2625 831 2692 s.
850 2617 905 2682 itt.

291 2755 317 2806 2.
353 2751 446 2820 mom
465 2750 497 2804 ol
515 2767 590 2818 rese,
616 2750 666 2806 oli
683 2767 754 2824 opus
768 2753 874 2825 fecerit,
904 2752 991 2808 etiosa
1016 2751 1155 2824 quaedem
1172 2753 1414 2809 Hermeneuticoe

518 2859 697 2915 universalis
713 2863 869 2934 praecepto
887 2859 1090 2930 reetrioqcodo
1109 2864 1186 2914 sunt.

344 3008 455 3071 Divina
476 3006 625 3072 revelatio
650 3008 750 3070 sacris
773 3007 875 3072 literis
892 3007 1073 3093 consignata
1094 3029 1156 3072 non
1180 3007 1281 3070 solum
1299 3012 1444 3092 quasdam

256 3117 430 3202 peculiares
441 3115 674 3198 'interpretandi
689 3115 777 3199 leges
793 3116 990 3198 praescribit,
1007 3117 1062 3178 sed
1087 3117 1179 3178 etiam
1196 3118 1350 3199 quaedam
1366 3117 1446 3180 ller-

254 3225 445 3290 mencutieae
461 3223 647 3287 universalis
662 3229 834 3306 praecepta
848 3226 973 3289 nonnisi
990 3244 1058 3288 oum
1075 3225 1283 3290 restrictione
1293 3226 1446 3309 applicari

255 3323 421 3418 permittit.
468 3331 513 3396 Ea
542 3331 623 3395 enim
650 3337 699 3395 est
722 3331 860 3396 conditio
877 3333 1079 3398 revelationis
1103 3333 1250 3397 (livinitus
1273 3335 1366 3397 nobis
1393 3337 1446 3398 lse·

253 3441 435 3528 uiguissimo
453 3461 632 3520 concessae,
657 3447 702 3522 ut,
718 3439 793 3505 licet
814 3463 877 3506 non
893 3443 1121 3526 complectatur
1136 3443 1251 3506 rationi
1274 3444 1444 3519 contraria,

253 3549 325 3632 quia
340 3550 425 3612 Deus
440 3549 642 3614 revelationis
659 3553 691 3613 ot
703 3549 836 3612 rationis
852 3556 966 3614 auctor
978 3551 1038 3614 sibi
1054 3550 1272 3615 contradicere
1288 3573 1353 3614 non
1371 3557 1443 3634 pot·

252 3663 311 3736 cst,
335 3658 433 3720 molta
447 3662 551 3722 tamen
565 3658 735 3740 patefaciat
750 3659 850 3736 nobis,
875 3679 953 3742 quae
969 3659 1051 3723 ratio
1065 3663 1173 3722 nostra
1189 3679 1303 3740 capere
1320 3662 1441 3742 nequit,

250 3771 361 3848 utpote
376 3767 523 3844 modum,
553 3783 615 3848 quo
632 3765 785 3845 existunt,
816 3787 879 3829 non
895 3768 1100 3850 perspiciens.
1147 3767 1221 3830 lude
1236 3766 1333 3831 facile
1349 3769 1444 3832 intel-

251 3873 380 3958 ligitur,
404 3873 553 3952 subsidia,
578 3892 656 3958 quae
672 3873 704 3936 iu
720 3880 831 3938 natura
846 3875 894 3938 rei
920 3873 969 3963 (S.
991 3873 1066 3963 94),
1090 3874 1122 3936 iu
1137 3874 1268 3937 materia
1284 3877 1446 3940 substrata

252 3979 427 4070 (5.132),
463 3986 495 4044 et
516 3982 620 4063 quoad
647 3981 846 4064 metaphoras
869 3983 1104 4068 cognoscendas
1120 3983 1151 4045 in
1177 3982 1338 4065 applicato
1362 4004 1442 4046 nexu
1542 3993 1543 4058 j

251 4089 356 4174 logico
384 4086 545 4176 (5114.)
570 4089 742 4172 posuimus,
777 4091 816 4153 acl
839 4092 1130 4173 interpretationem
1151 4091 1307 4154 laetorum
1329 4097 1362 4156 et
1391 4113 1443 4154 cx·

249 4196 450 4280 plicationem
476 4197 690 4260 doctrinarum
707 4198 922 4262 sublimiorum
939 4219 975 4262 ao
997 4200 1151 4264 rationem
1167 4203 1332 4264 humanam
1348 4221 1443 4283 supe·

248 4305 401 4389 rontium,
436 4325 498 4388 quo
531 4309 674 4388 spectant
697 4306 863 4386 miracula,
895 4307 1042 4370 vaticinia
1058 4313 1089 4371 et
1105 4307 1255 4391 mysteria
1270 4305 1362 4388 fidei,
1394 4327 1444 4370 re·

248 4416 377 4479 ferenda
392 4436 454 4479 non
471 4432 559 4494 esse,
591 4435 661 4477 cum
684 4416 785 4478 omnia
802 4418 904 4500 quoad
920 4416 1115 4481 existentiam
1132 4417 1257 4498 quidem
1285 4419 1444 4492 constent,

250 4525 307 4587 scd
330 4523 432 4607 quoad
454 4523 579 4586 modum
604 4522 757 4588 existendi
780 4529 812 4588 ct
841 4525 943 4607 moad
967 4546 1073 4590 omnes
1096 4525 1265 4610 qualitates
1289 4545 1363 4590 suaa
1387 4543 1444 4588 nce

249 4631 419 4713 declarari,
444 4633 505 4698 imo
524 4654 581 4696 nec
595 4633 796 4697 innotescere
812 4633 945 4715 possint.
