3118 5282
729 663 888 740 CAPU'l
916 665 958 738 ll.

265 858 330 922 tull}
348 858 375 916 lll
395 858 488 916 SENSU
508 858 534 915 S·
558 857 736 916 SlllthTUlllE
756 855 924 916 Elll‘lllllilllld
943 858 1113 920 lllllilll’lilill
1133 861 1169 920 ΟΒ
1188 861 1306 920 lthllldll
1324 863 1419 922 llllUS

581 981 704 1042 llllltlllll
724 981 933 1040 PEGULlllllTER
951 982 1106 1041 meulent.

673 1185 699 1250 s.
715 1179 770 1240 nn
788 1181 890 1254 ueras
907 1181 1012 1240 unna.

334 1351 596 1430 Quemadmodum
624 1371 682 1434 pro
711 1368 805 1412 sensu
832 1370 858 1412 s.
888 1350 1074 1432 Scripturas
1103 1349 1288 1433 inquirendo
1316 1373 1356 1416 ex
1384 1377 1439 1417 re-

246 1464 373 1541 spectu,
396 1458 450 1541 qni
471 1457 604 1522 debetur
627 1458 747 1522 divinae
772 1457 857 1522 illius
884 1457 1001 1544 origini
1022 1479 1059 1522 ac
1076 1459 1237 1524 Ecclesiam
1254 1462 1439 1526 catholicae

245 1568 437 1653 Magistcrio,
448 1586 527 1650 quac
539 1565 640 1629 divina
648 1566 855 1650 dispositione
867 1567 966 1630 omnis
977 1567 1140 1630 doctrinae
1151 1567 1307 1632 revelatae
1321 1576 1436 1634 custos

248 1682 341 1760 atque
361 1677 516 1758 interpres
537 1674 708 1739 infallibilis
725 1674 897 1738 constituta
920 1678 987 1755 est,
1007 1673 1192 1738 utilissimae
1207 1675 1296 1761 leges
1320 1683 1441 1760 petan-

247 1789 320 1848 tnr:
343 1784 388 1846 ita
403 1783 495 1847 etiam
511 1803 570 1866 pro
588 1802 680 1846 sensu
697 1781 840 1863 quaesito
856 1780 918 1844 rite
934 1781 1115 1862 exponendo
1133 1803 1169 1844 ex
1185 1783 1444 1850 consideratione

249 1892 386 1975 ejusdem
407 1891 600 1954 sublimioris
624 1910 783 1954 sacrarum
805 1890 968 1952 literarum
989 1890 1105 1953 indolis
1133 1910 1170 1952 ac
1194 1891 1334 1975 divinae,
1359 1915 1442 1976 qnae

247 2003 369 2084 spectat
395 2019 501 2063 earnm
536 1996 791 2083 intelligentiam,
826 1996 1045 2080 dispositionis
1071 1998 1244 2080 peculiaria
1277 2003 1442 2082 prodeunt

247 2112 415 2194 praecepta
431 2107 468 2170 ab
485 2111 614 2192 exegeta
630 2105 840 2184 observanda,
865 2125 944 2187 quae
960 2109 1027 2166 tum
1044 2105 1206 2168 materiam
1222 2111 1288 2169 tum
1304 2108 1441 2172 formam

249 2216 453 2300 expositionis
468 2216 602 2280 biblicae
619 2218 823 2278 concernunt.
859 2215 967 2298 ltaque
985 2215 1086 2298 priori
1101 2215 1173 2278 loco
1191 2215 1343 2297 dicemus,
1361 2239 1443 2300 quac

248 2325 279 2386 iu
305 2343 398 2386 sensu
425 2325 604 2405 exponendo
631 2327 760 2388 cutione
786 2325 963 2403 materiae,
998 2322 1170 2402 posteriori
1197 2344 1277 2407 quae
1306 2329 1444 2391 ratione

244 2433 375 2515 formae
391 2430 583 2494 observanda
599 2433 672 2494 sint.

692 2685 931 2752 ARTICUbUs
962 2687 987 2748 l.

500 2841 687 2902 dissessum
706 2841 1006 2912 noviomensibus,
1027 2843 1063 2900 ΕΤ
1083 2842 1187 2908 tuille

705 3044 733 3111 s.
750 3039 815 3100 stt.
830 3042 860 3100 tn
875 3052 983 3114 aenne.

338 3209 550 3294 Expositionis
583 3211 743 3275 materiam
770 3209 803 3272 in
828 3229 946 3296 genere
970 3207 1054 3290 qnod
1082 3208 1214 3286 attinet,
1243 3230 1308 3274 non
1332 3215 1444 3296 potest

248 3317 334 3402 lieri,
372 3318 445 3403 quin
471 3340 507 3382 ex
531 3319 781 3384 consideratione
803 3316 996 3382 sublimioris
1018 3336 1177 3380 sacrarum
1198 3317 1366 3383 literarum
1392 3321 1443 3383 in-

251 3426 333 3490 dolis
354 3445 412 3508 pro
437 3445 528 3490 sensu
553 3447 658 3490 earum
680 3427 742 3489 rite
767 3425 949 3508 exponendo
973 3425 1197 3490 saluberrimae
1219 3428 1387 3492 cautiones
1410 3435 1442 3492 et

250 3536 438 3599 monitiones
454 3535 655 3599 deducantur.
702 3537 771 3614 Quo
790 3533 965 3617 pertinent:

343 3645 373 3707 1.
398 3643 551 3729 llxegcta,
576 3642 627 3706 cni
650 3661 834 3726 persuasum
863 3645 928 3724 est,
953 3661 979 3704 s.
1004 3639 1202 3723 Scriptorum
1228 3663 1300 3708 asse
1326 3663 1442 3728 snper-

251 3751 402 3816 natnralis
417 3751 617 3816 revelationis
634 3751 771 3815 codicem
788 3751 826 3814 ab
842 3748 1043 3830 auctoribus,
1068 3747 1122 3832 qui
1138 3747 1243 3812 divino
1260 3753 1444 3835 gaudebant

251 3858 377 3940 auxilio,
402 3860 624 3942 conscriptum,
648 3881 686 3924 eo
701 3860 772 3944 ipso
787 3858 928 3944 graviter
944 3876 978 3920 se
995 3856 1166 3942 obligatum
1183 3877 1253 3922 esec
1269 3859 1443 3947 intelliget,

251 3974 287 4032 ut
313 3968 344 4030 in
372 3988 409 4032 eo
436 3968 617 4052 exponendo
643 3967 717 4031 buic
738 3965 937 4050 persuasioni
964 3963 1186 4028 convenienter
1209 3968 1382 4048 procedat,
1410 3975 1443 4032 et

250 4079 330 4141 banc
350 4077 389 4140 ob
409 4095 475 4140 rem
497 4077 534 4139 ab
558 4097 594 4141 ea
616 4076 786 4160 exponendi
807 4074 971 4155 methodo,
995 4093 1056 4158 qna
1081 4076 1215 4136 utuntur
1228 4074 1445 4140 rationalismi

250 4188 443 4263 sectatores,
473 4184 557 4248 sacta
578 4189 610 4249 et
632 4181 725 4248 effata
744 4183 875 4263 biblica,
900 4203 978 4268 quae
1000 4181 1085 4244 vires
1106 4186 1237 4246 naturae
1260 4187 1292 4247 et
1317 4179 1445 4250 intelli-

249 4294 385 4380 gentiam
401 4293 557 4359 bominum
572 4299 736 4378 superant,
768 4293 865 4357 variis
882 4289 1025 4356 artificiis
1041 4289 1086 4386 ita
1102 4295 1305 4355 extenuantes
1323 4299 1357 4358 ct
1385 4297 1445 4358 de-

250 4408 454 4486 torquentes,
470 4401 552 4465 utin
569 4406 698 4465 eventus
716 4406 748 4465 ct
763 4401 924 4466 doctrinas
940 4398 1099 4464 naturales
1117 4403 1353 4481 convertantur,
1370 4401 1444 4464 sol·

251 4510 340 4574 licite
362 4510 423 4574 sibi
446 4515 568 4591 caveat,
592 4515 703 4594 utpote
730 4531 810 4595 quac
832 4511 954 4575 divinae
976 4529 1003 4572 s.
1029 4507 1215 4592 Scripturae
1236 4507 1350 4590 indoli,
1376 4510 1443 4574 imo

254 4617 336 4680 omni
351 4618 496 4704 religioni
511 4619 665 4705 positivae
680 4619 771 4704 plane
786 4619 979 4683 adversatur.
