<?xml version="1.0" encoding="UTF-8"?>
<!DOCTYPE html PUBLIC "-//W3C//DTD XHTML 1.0 Transitional//EN"
    "http://www.w3.org/TR/xhtml1/DTD/xhtml1-transitional.dtd">
<html xmlns="http://www.w3.org/1999/xhtml" xml:lang="en" lang="en">
 <head>
  <title>
</title>
<meta http-equiv="Content-Type" content="text/html;charset=utf-8" />
  <meta name='ocr-system' content='tesseract 3.04.00' />
  <meta name='ocr-capabilities' content='ocr_page ocr_carea ocr_par ocr_line ocrx_word'/>
</head>
<body>
  <div class='ocr_page' id='page_1' title='image "./hermeneuticabib00kohlgoog_0369.png"; bbox 0 0 3118 5282; ppageno 0'>
   <div class='ocr_carea' id='block_1_1' title="bbox 332 607 1454 1313">
    <p class='ocr_par' dir='ltr' id='par_1_1' title="bbox 332 607 1454 1313">
     <span class='ocr_line' id='line_1_1' title="bbox 333 607 1452 683; baseline 0.004 -21"><span class='ocrx_word' id='word_1_1' title='bbox 333 607 456 679; x_wconf 65' lang='lat' dir='ltr'><strong>opificio,</strong></span> <span class='ocrx_word' id='word_1_2' title='bbox 485 617 529 664; x_wconf 78' lang='lat' dir='ltr'><strong>ubi</strong></span> <span class='ocrx_word' id='word_1_3' title='bbox 557 617 613 664; x_wconf 85' lang='lat' dir='ltr'><strong>Vol.</strong></span> <span class='ocrx_word' id='word_1_4' title='bbox 648 617 666 662; x_wconf 91' lang='grc' dir='ltr'><strong>Ι.</strong></span> <span class='ocrx_word' id='word_1_5' title='bbox 686 628 744 676; x_wconf 78' lang='lat' dir='ltr'><strong>pag.</strong></span> <span class='ocrx_word' id='word_1_6' title='bbox 767 619 825 662; x_wconf 73' lang='lat' dir='ltr'><strong>itii.</strong></span> <span class='ocrx_word' id='word_1_7' title='bbox 855 617 922 666; x_wconf 74' lang='lat' dir='ltr'><strong>nult.</strong></span> <span class='ocrx_word' id='word_1_8' title='bbox 951 617 1038 666; x_wconf 76' lang='lat' dir='ltr'><strong>rtem.</strong></span> <span class='ocrx_word' id='word_1_9' title='bbox 1064 619 1168 668; x_wconf 83' lang='lat' dir='ltr'><strong>Philoni</strong></span> <span class='ocrx_word' id='word_1_10' title='bbox 1188 622 1340 683; x_wconf 72' lang='lat' dir='ltr'><strong>paradisos</strong></span> <span class='ocrx_word' id='word_1_11' title='bbox 1364 636 1380 668; x_wconf 82' lang='lat' dir='ltr'><strong>s</strong></span> <span class='ocrx_word' id='word_1_12' title='bbox 1402 623 1452 668; x_wconf 84' lang='lat' dir='ltr'><strong>lieo</strong></span> 
     </span>
     <span class='ocr_line' id='line_1_2' title="bbox 334 704 1453 779; baseline 0.003 -26"><span class='ocrx_word' id='word_1_13' title='bbox 334 708 464 766; x_wconf 79' lang='lat' dir='ltr'><strong>plantatus</strong></span> <span class='ocrx_word' id='word_1_14' title='bbox 481 710 523 754; x_wconf 80' lang='lat' dir='ltr'><strong>est</strong></span> <span class='ocrx_word' id='word_1_15' title='bbox 541 707 691 768; x_wconf 78' lang='lat' dir='ltr'><strong>principalis</strong></span> <span class='ocrx_word' id='word_1_16' title='bbox 715 707 754 754; x_wconf 82' lang='lat' dir='ltr'><strong>vir</strong></span> <span class='ocrx_word' id='word_1_17' title='bbox 780 709 881 756; x_wconf 76' lang='lat' dir='ltr'><strong>enimse</strong></span> <span class='ocrx_word' id='word_1_18' title='bbox 902 704 944 770; x_wconf 82' lang='lat' dir='ltr'><strong>[rui</strong></span> <span class='ocrx_word' id='word_1_19' title='bbox 958 709 1004 766; x_wconf 80' lang='grc' dir='ltr'><strong>τῆς</strong></span> <span class='ocrx_word' id='word_1_20' title='bbox 1021 705 1113 779; x_wconf 71' lang='grc' dir='ltr'><strong>ψυχῆς</strong></span> <span class='ocrx_word' id='word_1_21' title='bbox 1128 705 1312 776; x_wconf 68' lang='grc' dir='ltr'><strong>ἡγεμονικὸν),</strong></span> <span class='ocrx_word' id='word_1_22' title='bbox 1333 709 1453 772; x_wconf 79' lang='lat' dir='ltr'><strong>quaeest</strong></span> 
     </span>
     <span class='ocr_line' id='line_1_3' title="bbox 334 797 1453 862; baseline 0.004 -20"><span class='ocrx_word' id='word_1_23' title='bbox 334 797 424 858; x_wconf 78' lang='lat' dir='ltr'><strong>plena,</strong></span> <span class='ocrx_word' id='word_1_24' title='bbox 444 811 491 844; x_wconf 85' lang='lat' dir='ltr'><strong>ceu</strong></span> <span class='ocrx_word' id='word_1_25' title='bbox 508 797 619 858; x_wconf 78' lang='lat' dir='ltr'><strong>plantis,</strong></span> <span class='ocrx_word' id='word_1_26' title='bbox 639 799 780 851; x_wconf 70' lang='lat' dir='ltr'>innumeris</span> <span class='ocrx_word' id='word_1_27' title='bbox 796 799 979 860; x_wconf 69' lang='lat' dir='ltr'><strong>opinionibus,</strong></span> <span class='ocrx_word' id='word_1_28' title='bbox 999 813 1046 860; x_wconf 88' lang='lat' dir='ltr'><strong>per</strong></span> <span class='ocrx_word' id='word_1_29' title='bbox 1060 801 1188 849; x_wconf 77' lang='lat' dir='ltr'><strong>arborem</strong></span> <span class='ocrx_word' id='word_1_30' title='bbox 1205 805 1279 850; x_wconf 78' lang='lat' dir='ltr'><strong>uitus</strong></span> <span class='ocrx_word' id='word_1_31' title='bbox 1297 803 1453 862; x_wconf 71' lang='lat' dir='ltr'>intelligitur</span> 
     </span>
     <span class='ocr_line' id='line_1_4' title="bbox 334 888 1453 950; baseline 0.004 -16"><span class='ocrx_word' id='word_1_32' title='bbox 334 889 432 947; x_wconf 76' lang='lat' dir='ltr'><strong>pietas,</strong></span> <span class='ocrx_word' id='word_1_33' title='bbox 450 888 518 934; x_wconf 89' lang='lat' dir='ltr'><strong>inter</strong></span> <span class='ocrx_word' id='word_1_34' title='bbox 531 901 621 934; x_wconf 82' lang='lat' dir='ltr'><strong>omnes</strong></span> <span class='ocrx_word' id='word_1_35' title='bbox 644 889 754 942; x_wconf 79' lang='lat' dir='ltr'><strong>virtutes</strong></span> <span class='ocrx_word' id='word_1_36' title='bbox 774 889 988 947; x_wconf 79' lang='lat' dir='ltr'><strong>eminentissima,</strong></span> <span class='ocrx_word' id='word_1_37' title='bbox 1008 903 1057 950; x_wconf 87' lang='lat' dir='ltr'><strong>per</strong></span> <span class='ocrx_word' id='word_1_38' title='bbox 1077 904 1153 950; x_wconf 84' lang='lat' dir='ltr'><strong>quarn</strong></span> <span class='ocrx_word' id='word_1_39' title='bbox 1167 893 1320 939; x_wconf 79' lang='lat' dir='ltr'><strong>immortalis</strong></span> <span class='ocrx_word' id='word_1_40' title='bbox 1336 895 1453 940; x_wconf 76' lang='lat' dir='ltr'><strong>redditur</strong></span> 
     </span>
     <span class='ocr_line' id='line_1_5' title="bbox 336 979 1453 1043; baseline 0.01 -20"><span class='ocrx_word' id='word_1_41' title='bbox 336 979 432 1034; x_wconf 72' lang='lat' dir='ltr'><strong>anima,</strong></span> <span class='ocrx_word' id='word_1_42' title='bbox 462 979 530 1024; x_wconf 87' lang='lat' dir='ltr'><strong>sicui</strong></span> <span class='ocrx_word' id='word_1_43' title='bbox 560 990 609 1036; x_wconf 91' lang='lat' dir='ltr'><strong>per</strong></span> <span class='ocrx_word' id='word_1_44' title='bbox 640 979 769 1026; x_wconf 81' lang='lat' dir='ltr'><strong>arborem</strong></span> <span class='ocrx_word' id='word_1_45' title='bbox 792 979 954 1040; x_wconf 75' lang='lat' dir='ltr'><strong>cognitionis</strong></span> <span class='ocrx_word' id='word_1_46' title='bbox 980 979 1044 1028; x_wconf 76' lang='lat' dir='ltr'><strong>boni</strong></span> <span class='ocrx_word' id='word_1_47' title='bbox 1066 981 1180 1043; x_wconf 69' lang='lat' dir='ltr'><strong>anulique</strong></span> <span class='ocrx_word' id='word_1_48' title='bbox 1207 985 1363 1042; x_wconf 80' lang='lat' dir='ltr'><strong>prudentia,</strong></span> <span class='ocrx_word' id='word_1_49' title='bbox 1394 996 1453 1042; x_wconf 70' lang='lat' dir='ltr'><strong>qnae</strong></span> 
     </span>
     <span class='ocr_line' id='line_1_6' title="bbox 335 1069 1453 1135; baseline 0.004 -21"><span class='ocrx_word' id='word_1_50' title='bbox 335 1069 460 1118; x_wconf 77' lang='lat' dir='ltr'><strong>discernit</strong></span> <span class='ocrx_word' id='word_1_51' title='bbox 484 1081 526 1116; x_wconf 83' lang='lat' dir='ltr'><strong>rer</strong></span> <span class='ocrx_word' id='word_1_52' title='bbox 544 1073 637 1117; x_wconf 80' lang='lat' dir='ltr'><strong>natura</strong></span> <span class='ocrx_word' id='word_1_53' title='bbox 654 1071 807 1117; x_wconf 79' lang='lat' dir='ltr'><strong>contrarias.</strong></span> <span class='ocrx_word' id='word_1_54' title='bbox 846 1069 977 1135; x_wconf 69' lang='lat' dir='ltr'><strong>Serpens,</strong></span> <span class='ocrx_word' id='word_1_55' title='bbox 1004 1072 1048 1132; x_wconf 78' lang='lat' dir='ltr'><strong>qui</strong></span> <span class='ocrx_word' id='word_1_56' title='bbox 1065 1073 1168 1119; x_wconf 81' lang='lat' dir='ltr'><strong>seduxit</strong></span> <span class='ocrx_word' id='word_1_57' title='bbox 1185 1074 1365 1132; x_wconf 77' lang='lat' dir='ltr'><strong>protoplastos</strong></span> <span class='ocrx_word' id='word_1_58' title='bbox 1384 1074 1453 1134; x_wconf 80' lang='lat' dir='ltr'><strong>(ibid.</strong></span> 
     </span>
     <span class='ocr_line' id='line_1_7' title="bbox 332 1157 1454 1224; baseline 0.004 -18"><span class='ocrx_word' id='word_1_59' title='bbox 332 1171 393 1219; x_wconf 79' lang='lat' dir='ltr'><strong>pag.</strong></span> <span class='ocrx_word' id='word_1_60' title='bbox 415 1157 489 1223; x_wconf 83' lang='lat' dir='ltr'><strong>tua),</strong></span> <span class='ocrx_word' id='word_1_61' title='bbox 519 1164 560 1206; x_wconf 79' lang='lat' dir='ltr'><strong>ert</strong></span> <span class='ocrx_word' id='word_1_62' title='bbox 584 1159 722 1220; x_wconf 80' lang='lat' dir='ltr'><strong>voluptas,</strong></span> <span class='ocrx_word' id='word_1_63' title='bbox 741 1161 801 1218; x_wconf 80' lang='lat' dir='ltr'><strong>quis</strong></span> <span class='ocrx_word' id='word_1_64' title='bbox 825 1161 886 1216; x_wconf 82' lang='lat' dir='ltr'><strong>llis,</strong></span> <span class='ocrx_word' id='word_1_65' title='bbox 914 1163 1005 1220; x_wconf 80' lang='lat' dir='ltr'><strong>utpote</strong></span> <span class='ocrx_word' id='word_1_66' title='bbox 1034 1161 1144 1220; x_wconf 78' lang='lat' dir='ltr'><strong>pedibus</strong></span> <span class='ocrx_word' id='word_1_67' title='bbox 1167 1163 1327 1223; x_wconf 77' lang='lat' dir='ltr'><strong>locuuntur,</strong></span> <span class='ocrx_word' id='word_1_68' title='bbox 1354 1175 1454 1224; x_wconf 81' lang='lat' dir='ltr'><strong>pronus</strong></span> 
     </span>
     <span class='ocr_line' id='line_1_8' title="bbox 332 1248 1454 1313; baseline 0.004 -18"><span class='ocrx_word' id='word_1_69' title='bbox 332 1253 424 1297; x_wconf 83' lang='lat' dir='ltr'><strong>ventre</strong></span> <span class='ocrx_word' id='word_1_70' title='bbox 444 1250 550 1306; x_wconf 89' lang='lat' dir='ltr'><strong>nititur,</strong></span> <span class='ocrx_word' id='word_1_71' title='bbox 569 1253 656 1298; x_wconf 78' lang='lat' dir='ltr'><strong>terrae</strong></span> <span class='ocrx_word' id='word_1_72' title='bbox 674 1248 757 1308; x_wconf 75' lang='lat' dir='ltr'><strong>glebis</strong></span> <span class='ocrx_word' id='word_1_73' title='bbox 778 1262 826 1308; x_wconf 92' lang='lat' dir='ltr'><strong>pro</strong></span> <span class='ocrx_word' id='word_1_74' title='bbox 846 1251 904 1296; x_wconf 85' lang='lat' dir='ltr'><strong>cibo</strong></span> <span class='ocrx_word' id='word_1_75' title='bbox 924 1253 1021 1306; x_wconf 91' lang='lat' dir='ltr'><strong>utitur,</strong></span> <span class='ocrx_word' id='word_1_76' title='bbox 1041 1255 1069 1297; x_wconf 85' lang='lat' dir='ltr'><strong>et</strong></span> <span class='ocrx_word' id='word_1_77' title='bbox 1089 1264 1213 1298; x_wconf 82' lang='lat' dir='ltr'><strong>venenum</strong></span> <span class='ocrx_word' id='word_1_78' title='bbox 1232 1258 1322 1313; x_wconf 77' lang='lat' dir='ltr'><strong>gestat</strong></span> <span class='ocrx_word' id='word_1_79' title='bbox 1344 1256 1372 1300; x_wconf 92' lang='lat' dir='ltr'><strong>in</strong></span> <span class='ocrx_word' id='word_1_80' title='bbox 1395 1256 1454 1300; x_wconf 82' lang='lat' dir='ltr'><strong>den·</strong></span> 
     </span>
    </p>
   </div>
   <div class='ocr_carea' id='block_1_2' title="bbox 331 1339 1455 1488">
    <p class='ocr_par' dir='ltr' id='par_1_2' title="bbox 331 1339 1455 1488">
     <span class='ocr_line' id='line_1_9' title="bbox 332 1339 1455 1410; baseline 0.004 -24"><span class='ocrx_word' id='word_1_81' title='bbox 332 1339 417 1396; x_wconf 87' lang='lat' dir='ltr'><strong>tibus,</strong></span> <span class='ocrx_word' id='word_1_82' title='bbox 443 1353 493 1402; x_wconf 86' lang='lat' dir='ltr'><strong>quo</strong></span> <span class='ocrx_word' id='word_1_83' title='bbox 512 1341 580 1386; x_wconf 85' lang='lat' dir='ltr'><strong>solet</strong></span> <span class='ocrx_word' id='word_1_84' title='bbox 606 1352 708 1386; x_wconf 83' lang='lat' dir='ltr'><strong>morsos</strong></span> <span class='ocrx_word' id='word_1_85' title='bbox 733 1351 837 1388; x_wconf 81' lang='lat' dir='ltr'><strong>necare.</strong></span> <span class='ocrx_word' id='word_1_86' title='bbox 888 1340 986 1410; x_wconf 67' lang='lat' dir='ltr'><strong>Quibit!</strong></span> <span class='ocrx_word' id='word_1_87' title='bbox 1012 1341 1130 1388; x_wconf 75' lang='lat' dir='ltr'><strong>omnihus</strong></span> <span class='ocrx_word' id='word_1_88' title='bbox 1158 1343 1229 1388; x_wconf 82' lang='lat' dir='ltr'><strong>mulis</strong></span> <span class='ocrx_word' id='word_1_89' title='bbox 1256 1345 1386 1391; x_wconf 81' lang='lat' dir='ltr'><strong>obnoxius</strong></span> <span class='ocrx_word' id='word_1_90' title='bbox 1417 1351 1455 1392; x_wconf 82' lang='lat' dir='ltr'><strong>est</strong></span> 
     </span>
     <span class='ocr_line' id='line_1_10' title="bbox 331 1429 745 1488; baseline -0.002 -12"><span class='ocrx_word' id='word_1_91' title='bbox 331 1431 408 1477; x_wconf 87' lang='lat' dir='ltr'><strong>homo</strong></span> <span class='ocrx_word' id='word_1_92' title='bbox 427 1429 554 1488; x_wconf 74' lang='lat' dir='ltr'><strong>voluptati</strong></span> <span class='ocrx_word' id='word_1_93' title='bbox 573 1429 674 1478; x_wconf 82' lang='lat' dir='ltr'><strong>deditus</strong></span> <span class='ocrx_word' id='word_1_94' title='bbox 694 1432 745 1476; x_wconf 84' lang='lat' dir='ltr'><strong>ete.</strong></span> 
     </span>
    </p>
   </div>
   <div class='ocr_carea' id='block_1_3' title="bbox 288 1533 1455 1782">
    <p class='ocr_par' dir='ltr' id='par_1_3' title="bbox 288 1533 1455 1782">
     <span class='ocr_line' id='line_1_11' title="bbox 288 1533 1449 1602; baseline 0.003 -16"><span class='ocrx_word' id='word_1_95' title='bbox 288 1533 313 1600; x_wconf 53' lang='grc' dir='ltr'><strong>ἵ)</strong></span> <span class='ocrx_word' id='word_1_96' title='bbox 333 1539 397 1588; x_wconf 90' lang='lat' dir='ltr'><strong>llino</strong></span> <span class='ocrx_word' id='word_1_97' title='bbox 416 1552 441 1586; x_wconf 84' lang='lat' dir='ltr'><strong>e.</strong></span> <span class='ocrx_word' id='word_1_98' title='bbox 458 1552 483 1600; x_wconf 78' lang='lat' dir='ltr'><strong>g.</strong></span> <span class='ocrx_word' id='word_1_99' title='bbox 502 1541 584 1600; x_wconf 75' lang='lat' dir='ltr'><strong>legem</strong></span> <span class='ocrx_word' id='word_1_100' title='bbox 603 1540 635 1586; x_wconf 82' lang='lat' dir='ltr'><strong>de</strong></span> <span class='ocrx_word' id='word_1_101' title='bbox 657 1551 745 1586; x_wconf 76' lang='lat' dir='ltr'><strong>rmore</strong></span> <span class='ocrx_word' id='word_1_102' title='bbox 759 1539 868 1598; x_wconf 75' lang='lat' dir='ltr'>proximi</span> <span class='ocrx_word' id='word_1_103' title='bbox 886 1539 967 1586; x_wconf 82' lang='lat' dir='ltr'><strong>herii.</strong></span> <span class='ocrx_word' id='word_1_104' title='bbox 986 1539 1051 1600; x_wconf 78' lang='lat' dir='ltr'><strong>lllx,</strong></span> <span class='ocrx_word' id='word_1_105' title='bbox 1074 1541 1114 1586; x_wconf 83' lang='lat'><strong>18.</strong></span> <span class='ocrx_word' id='word_1_106' title='bbox 1135 1543 1170 1587; x_wconf 83' lang='lat' dir='ltr'><strong>ita</strong></span> <span class='ocrx_word' id='word_1_107' title='bbox 1188 1543 1220 1588; x_wconf 77' lang='lat' dir='ltr'><strong>aul</strong></span> <span class='ocrx_word' id='word_1_108' title='bbox 1239 1543 1350 1589; x_wconf 79' lang='lat' dir='ltr'><strong>verbum</strong></span> <span class='ocrx_word' id='word_1_109' title='bbox 1364 1544 1449 1602; x_wconf 78' lang='lat' dir='ltr'><strong>espie-</strong></span> 
     </span>
     <span class='ocr_line' id='line_1_12' title="bbox 334 1630 1453 1693; baseline 0.002 -17"><span class='ocrx_word' id='word_1_110' title='bbox 334 1630 413 1691; x_wconf 79' lang='lat' dir='ltr'><strong>hant,</strong></span> <span class='ocrx_word' id='word_1_111' title='bbox 432 1635 462 1678; x_wconf 91' lang='lat' dir='ltr'><strong>ut</strong></span> <span class='ocrx_word' id='word_1_112' title='bbox 477 1631 549 1678; x_wconf 83' lang='lat' dir='ltr'><strong>solos</strong></span> <span class='ocrx_word' id='word_1_113' title='bbox 568 1630 673 1682; x_wconf 79' lang='lat' dir='ltr'><strong>amieos,</strong></span> <span class='ocrx_word' id='word_1_114' title='bbox 694 1632 831 1689; x_wconf 79' lang='lat' dir='ltr'><strong>cognatos,</strong></span> <span class='ocrx_word' id='word_1_115' title='bbox 850 1630 991 1689; x_wconf 82' lang='lat' dir='ltr'><strong>populares</strong></span> <span class='ocrx_word' id='word_1_116' title='bbox 1003 1643 1033 1677; x_wconf 82' lang='lat' dir='ltr'><strong>so</strong></span> <span class='ocrx_word' id='word_1_117' title='bbox 1047 1631 1183 1691; x_wconf 72' lang='lat' dir='ltr'><strong>religionis</strong></span> <span class='ocrx_word' id='word_1_118' title='bbox 1201 1634 1287 1679; x_wconf 86' lang='lat' dir='ltr'><strong>socios</strong></span> <span class='ocrx_word' id='word_1_119' title='bbox 1309 1633 1453 1693; x_wconf 81' lang='lat' dir='ltr'><strong>diligendos</strong></span> 
     </span>
     <span class='ocr_line' id='line_1_13' title="bbox 333 1719 1455 1782; baseline 0.002 -14"><span class='ocrx_word' id='word_1_120' title='bbox 333 1722 532 1780; x_wconf 72' lang='lat' dir='ltr'><strong>praeciperent,</strong></span> <span class='ocrx_word' id='word_1_121' title='bbox 552 1724 580 1768; x_wconf 88' lang='lat' dir='ltr'><strong>et</strong></span> <span class='ocrx_word' id='word_1_122' title='bbox 596 1719 680 1766; x_wconf 82' lang='lat' dir='ltr'><strong>odium</strong></span> <span class='ocrx_word' id='word_1_123' title='bbox 695 1719 856 1766; x_wconf 85' lang='lat' dir='ltr'><strong>inimicorum</strong></span> <span class='ocrx_word' id='word_1_124' title='bbox 872 1719 969 1766; x_wconf 87' lang='lat' dir='ltr'><strong>licitum</strong></span> <span class='ocrx_word' id='word_1_125' title='bbox 986 1733 1046 1768; x_wconf 85' lang='lat' dir='ltr'><strong>esse</strong></span> <span class='ocrx_word' id='word_1_126' title='bbox 1072 1725 1238 1770; x_wconf 67' lang='lat' dir='ltr'><strong>autumarent</strong></span> <span class='ocrx_word' id='word_1_127' title='bbox 1256 1723 1350 1770; x_wconf 74' lang='lat' dir='ltr'><strong>matth.</strong></span> <span class='ocrx_word' id='word_1_128' title='bbox 1361 1724 1393 1782; x_wconf 87' lang='lat' dir='ltr'><strong>V,</strong></span> <span class='ocrx_word' id='word_1_129' title='bbox 1414 1725 1455 1770; x_wconf 77' lang='lat' dir='ltr'><strong>ii.</strong></span> 
     </span>
    </p>
   </div>
   <div class='ocr_carea' id='block_1_4' title="bbox 334 1803 1554 1873">
    <p class='ocr_par' dir='ltr' id='par_1_4' title="bbox 334 1803 1554 1873">
     <span class='ocr_line' id='line_1_14' title="bbox 334 1803 1554 1873; baseline 0.003 -15"><span class='ocrx_word' id='word_1_130' title='bbox 334 1813 408 1867; x_wconf 69' lang='lat' dir='ltr'><strong>esar.</strong></span> <span class='ocrx_word' id='word_1_131' title='bbox 427 1813 488 1860; x_wconf 77' lang='lat' dir='ltr'><strong>nuo.</strong></span> <span class='ocrx_word' id='word_1_132' title='bbox 508 1811 539 1873; x_wconf 85' lang='lat' dir='ltr'><strong>x,</strong></span> <span class='ocrx_word' id='word_1_133' title='bbox 560 1813 605 1858; x_wconf 85' lang='lat' dir='ltr'><strong>ao.</strong></span> <span class='ocrx_word' id='word_1_134' title='bbox 625 1823 681 1872; x_wconf 72' lang='lat' dir='ltr'><strong>sqq.</strong></span> <span class='ocrx_word' id='word_1_135' title='bbox 713 1810 773 1858; x_wconf 70' lang='lat' dir='ltr'><strong>rur</strong></span> <span class='ocrx_word' id='word_1_136' title='bbox 790 1811 864 1860; x_wconf 78' lang='lat' dir='ltr'><strong>nono</strong></span> <span class='ocrx_word' id='word_1_137' title='bbox 884 1811 968 1870; x_wconf 67' lang='lat' dir='ltr'><strong>regem</strong></span> <span class='ocrx_word' id='word_1_138' title='bbox 989 1813 1196 1862; x_wconf 66' lang='lat' dir='ltr'><strong>senatumne</strong></span> <span class='ocrx_word' id='word_1_139' title='bbox 1221 1827 1236 1864; x_wconf 74' lang='grc' dir='ltr'>ι</span> <span class='ocrx_word' id='word_1_140' title='bbox 1259 1814 1396 1862; x_wconf 65' lang='lat' dir='ltr'><strong>neoniae.</strong></span> <span class='ocrx_word' id='word_1_141' title='bbox 1414 1817 1454 1862; x_wconf 76' lang='lat' dir='ltr'><strong>nu</strong></span> <span class='ocrx_word' id='word_1_142' title='bbox 1553 1803 1554 1814; x_wconf 49' lang='lat'>³</span> 
     </span>
    </p>
   </div>
   <div class='ocr_carea' id='block_1_5' title="bbox 331 1900 1456 2149">
    <p class='ocr_par' dir='ltr' id='par_1_5' title="bbox 331 1900 1456 2149">
     <span class='ocr_line' id='line_1_15' title="bbox 334 1900 1456 1968; baseline 0.001 -20"><span class='ocrx_word' id='word_1_143' title='bbox 334 1901 435 1954; x_wconf 82' lang='lat' dir='ltr'><strong>subbati</strong></span> <span class='ocrx_word' id='word_1_144' title='bbox 453 1901 535 1950; x_wconf 84' lang='lat' dir='ltr'><strong>llxod.</strong></span> <span class='ocrx_word' id='word_1_145' title='bbox 554 1901 607 1960; x_wconf 74' lang='lat' dir='ltr'><strong>XX,</strong></span> <span class='ocrx_word' id='word_1_146' title='bbox 627 1901 653 1948; x_wconf 82' lang='grc'><strong>8.</strong></span> <span class='ocrx_word' id='word_1_147' title='bbox 674 1913 733 1962; x_wconf 73' lang='lat' dir='ltr'><strong>sqq.</strong></span> <span class='ocrx_word' id='word_1_148' title='bbox 751 1900 788 1948; x_wconf 81' lang='lat' dir='ltr'><strong>its</strong></span> <span class='ocrx_word' id='word_1_149' title='bbox 807 1900 839 1946; x_wconf 80' lang='lat' dir='ltr'><strong>sul</strong></span> <span class='ocrx_word' id='word_1_150' title='bbox 859 1900 962 1954; x_wconf 85' lang='lat' dir='ltr'><strong>literam</strong></span> <span class='ocrx_word' id='word_1_151' title='bbox 979 1902 1145 1961; x_wconf 85' lang='lat' dir='ltr'><strong>premebant,</strong></span> <span class='ocrx_word' id='word_1_152' title='bbox 1171 1907 1201 1950; x_wconf 90' lang='lat' dir='ltr'><strong>ut</strong></span> <span class='ocrx_word' id='word_1_153' title='bbox 1224 1905 1401 1968; x_wconf 78' lang='lat' dir='ltr'><strong>prohiberent</strong></span> <span class='ocrx_word' id='word_1_154' title='bbox 1426 1917 1456 1950; x_wconf 88' lang='lat' dir='ltr'><strong>eo</strong></span> 
     </span>
     <span class='ocr_line' id='line_1_16' title="bbox 332 1991 1456 2052; baseline 0.002 -12"><span class='ocrx_word' id='word_1_155' title='bbox 332 1993 374 2040; x_wconf 78' lang='lat' dir='ltr'><strong>nie</strong></span> <span class='ocrx_word' id='word_1_156' title='bbox 394 1991 507 2042; x_wconf 83' lang='lat' dir='ltr'><strong>evellere</strong></span> <span class='ocrx_word' id='word_1_157' title='bbox 525 2004 621 2052; x_wconf 81' lang='lat' dir='ltr'><strong>paucas</strong></span> <span class='ocrx_word' id='word_1_158' title='bbox 637 1993 743 2050; x_wconf 81' lang='lat' dir='ltr'><strong>spicas,</strong></span> <span class='ocrx_word' id='word_1_159' title='bbox 762 2003 858 2050; x_wconf 75' lang='lat' dir='ltr'><strong>euque</strong></span> <span class='ocrx_word' id='word_1_160' title='bbox 877 1991 1126 2051; x_wconf 63' lang='lat' dir='ltr'><strong>numinenumine</strong></span> <span class='ocrx_word' id='word_1_161' title='bbox 1141 1995 1173 2040; x_wconf 78' lang='lat' dir='ltr'><strong>acl</strong></span> <span class='ocrx_word' id='word_1_162' title='bbox 1190 1996 1283 2048; x_wconf 75' lang='lat' dir='ltr'><strong>iamenu</strong></span> <span class='ocrx_word' id='word_1_163' title='bbox 1302 1997 1456 2050; x_wconf 80' lang='lat' dir='ltr'><strong>sedandam,</strong></span> 
     </span>
     <span class='ocr_line' id='line_1_17' title="bbox 331 2079 1302 2149; baseline 0.001 -21"><span class='ocrx_word' id='word_1_164' title='bbox 331 2093 424 2130; x_wconf 78' lang='lat' dir='ltr'><strong>suusne</strong></span> <span class='ocrx_word' id='word_1_165' title='bbox 443 2085 579 2140; x_wconf 78' lang='lat' dir='ltr'><strong>aegrotum</strong></span> <span class='ocrx_word' id='word_1_166' title='bbox 600 2084 652 2128; x_wconf 84' lang='lat' dir='ltr'><strong>etc.</strong></span> <span class='ocrx_word' id='word_1_167' title='bbox 672 2080 760 2128; x_wconf 80' lang='lat' dir='ltr'><strong>hietth.</strong></span> <span class='ocrx_word' id='word_1_168' title='bbox 777 2079 831 2142; x_wconf 78' lang='lat' dir='ltr'><strong>xil,</strong></span> <span class='ocrx_word' id='word_1_169' title='bbox 853 2082 877 2134; x_wconf 78' lang='lat' dir='ltr'><strong>i.</strong></span> <span class='ocrx_word' id='word_1_170' title='bbox 895 2092 952 2148; x_wconf 71' lang='lat' dir='ltr'><strong>squ.</strong></span> <span class='ocrx_word' id='word_1_171' title='bbox 977 2081 1039 2128; x_wconf 90' lang='lat' dir='ltr'><strong>coll.</strong></span> <span class='ocrx_word' id='word_1_172' title='bbox 1058 2083 1120 2134; x_wconf 84' lang='lat' dir='ltr'><strong>buo.</strong></span> <span class='ocrx_word' id='word_1_173' title='bbox 1139 2082 1179 2138; x_wconf 83' lang='lat' dir='ltr'><strong>vl,</strong></span> <span class='ocrx_word' id='word_1_174' title='bbox 1202 2085 1225 2129; x_wconf 87' lang='lat' dir='ltr'><strong>i.</strong></span> <span class='ocrx_word' id='word_1_175' title='bbox 1244 2095 1302 2149; x_wconf 78' lang='lat' dir='ltr'><strong>sqq.</strong></span> 
     </span>
    </p>
   </div>
   <div class='ocr_carea' id='block_1_6' title="bbox 284 2186 1458 2522">
    <p class='ocr_par' dir='ltr' id='par_1_6' title="bbox 284 2186 1458 2522">
     <span class='ocr_line' id='line_1_18' title="bbox 284 2186 1456 2253; baseline 0.001 -15"><span class='ocrx_word' id='word_1_176' title='bbox 284 2186 310 2253; x_wconf 72' lang='lat' dir='ltr'><strong>i)</strong></span> <span class='ocrx_word' id='word_1_177' title='bbox 329 2192 497 2250; x_wconf 82' lang='lat' dir='ltr'><strong>Jorepbus</strong></span> <span class='ocrx_word' id='word_1_178' title='bbox 523 2191 661 2238; x_wconf 74' lang='lat' dir='ltr'><strong>sterius</strong></span> <span class='ocrx_word' id='word_1_179' title='bbox 684 2191 849 2250; x_wconf 77' lang='lat' dir='ltr'><strong>allegoricam</strong></span> <span class='ocrx_word' id='word_1_180' title='bbox 876 2191 1065 2251; x_wconf 77' lang='lat' dir='ltr'><strong>interpretandi</strong></span> <span class='ocrx_word' id='word_1_181' title='bbox 1096 2192 1224 2246; x_wconf 79' lang='lat' dir='ltr'><strong>rationem</strong></span> <span class='ocrx_word' id='word_1_182' title='bbox 1252 2192 1456 2240; x_wconf 65' lang='lat' dir='ltr'><strong>Pharisaeorum</strong></span> 
     </span>
     <span class='ocr_line' id='line_1_19' title="bbox 331 2281 1457 2347; baseline 0.004 -19"><span class='ocrx_word' id='word_1_183' title='bbox 331 2285 471 2336; x_wconf 58' lang='lat' dir='ltr'><strong>rimentur</strong></span> <span class='ocrx_word' id='word_1_184' title='bbox 495 2281 576 2342; x_wconf 82' lang='lat' dir='ltr'><strong>(iioll.</strong></span> <span class='ocrx_word' id='word_1_185' title='bbox 596 2282 657 2330; x_wconf 75' lang='lat' dir='ltr'><strong>iun.</strong></span> <span class='ocrx_word' id='word_1_186' title='bbox 686 2283 719 2338; x_wconf 95' lang='lat' dir='ltr'><strong>ll,</strong></span> <span class='ocrx_word' id='word_1_187' title='bbox 740 2283 766 2336; x_wconf 85' lang='lat' dir='ltr'><strong>ii.</strong></span> <span class='ocrx_word' id='word_1_188' title='bbox 791 2281 834 2330; x_wconf 84' lang='lat' dir='ltr'><strong>ii.</strong></span> <span class='ocrx_word' id='word_1_189' title='bbox 852 2281 956 2343; x_wconf 68' lang='lat' dir='ltr'><strong>Antius.</strong></span> <span class='ocrx_word' id='word_1_190' title='bbox 984 2282 1061 2334; x_wconf 78' lang='lat' dir='ltr'><strong>xvii.</strong></span> <span class='ocrx_word' id='word_1_191' title='bbox 1082 2284 1108 2330; x_wconf 76' lang='lat'><strong>2.</strong></span> <span class='ocrx_word' id='word_1_192' title='bbox 1124 2281 1181 2347; x_wconf 79' lang='lat' dir='ltr'><strong>l.);</strong></span> <span class='ocrx_word' id='word_1_193' title='bbox 1207 2285 1260 2330; x_wconf 86' lang='lat' dir='ltr'><strong>imo</strong></span> <span class='ocrx_word' id='word_1_194' title='bbox 1281 2285 1340 2342; x_wconf 82' lang='lat' dir='ltr'><strong>lpse</strong></span> <span class='ocrx_word' id='word_1_195' title='bbox 1365 2288 1457 2332; x_wconf 80' lang='lat' dir='ltr'><strong>sectae</strong></span> 
     </span>
     <span class='ocr_line' id='line_1_20' title="bbox 330 2372 1458 2438; baseline 0.004 -20"><span class='ocrx_word' id='word_1_196' title='bbox 330 2373 530 2420; x_wconf 76' lang='lat' dir='ltr'><strong>Pharisaeorum</strong></span> <span class='ocrx_word' id='word_1_197' title='bbox 558 2374 678 2421; x_wconf 76' lang='lat' dir='ltr'><strong>audietur</strong></span> <span class='ocrx_word' id='word_1_198' title='bbox 699 2373 746 2420; x_wconf 84' lang='lat' dir='ltr'><strong>ills</strong></span> <span class='ocrx_word' id='word_1_199' title='bbox 768 2373 858 2420; x_wconf 79' lang='lat' dir='ltr'><strong>suun.</strong></span> <span class='ocrx_word' id='word_1_200' title='bbox 896 2372 971 2426; x_wconf 73' lang='lat' dir='ltr'><strong>Ocni·</strong></span> <span class='ocrx_word' id='word_1_201' title='bbox 995 2373 1157 2425; x_wconf 80' lang='lat' dir='ltr'><strong>Prooemium</strong></span> <span class='ocrx_word' id='word_1_202' title='bbox 1173 2375 1277 2438; x_wconf 66' lang='lat' dir='ltr'><strong>Antium.</strong></span> <span class='ocrx_word' id='word_1_203' title='bbox 1299 2375 1325 2437; x_wconf 70' lang='grc' dir='ltr'><strong>ς.</strong></span> <span class='ocrx_word' id='word_1_204' title='bbox 1351 2375 1379 2422; x_wconf 78' lang='lat' dir='ltr'><strong>i.</strong></span> <span class='ocrx_word' id='word_1_205' title='bbox 1399 2377 1458 2422; x_wconf 87' lang='lat' dir='ltr'><strong>coll.</strong></span> 
     </span>
     <span class='ocr_line' id='line_1_21' title="bbox 331 2451 1060 2522; baseline 0.003 -14"><span class='ocrx_word' id='word_1_206' title='bbox 331 2463 434 2522; x_wconf 74' lang='lat' dir='ltr'><strong>sauqu.</strong></span> <span class='ocrx_word' id='word_1_207' title='bbox 456 2463 499 2509; x_wconf 94' lang='grc' dir='ltr'><strong>ιιι.</strong></span> <span class='ocrx_word' id='word_1_208' title='bbox 521 2466 546 2510; x_wconf 90' lang='lat' dir='ltr'><strong>o.</strong></span> <span class='ocrx_word' id='word_1_209' title='bbox 567 2464 592 2510; x_wconf 87' lang='grc' dir='ltr'><strong>ι.</strong></span> <span class='ocrx_word' id='word_1_210' title='bbox 613 2464 658 2514; x_wconf 83' lang='grc' dir='ltr'><strong>ιιι.</strong></span> <span class='ocrx_word' id='word_1_211' title='bbox 680 2451 706 2510; x_wconf 80' lang='lat' dir='ltr'><strong>r&#39;.</strong></span> <span class='ocrx_word' id='word_1_212' title='bbox 728 2466 755 2510; x_wconf 81' lang='lat' dir='ltr'><strong>r.</strong></span> <span class='ocrx_word' id='word_1_213' title='bbox 773 2463 839 2514; x_wconf 77' lang='lat' dir='ltr'><strong>aeli.</strong></span> <span class='ocrx_word' id='word_1_214' title='bbox 858 2463 918 2518; x_wconf 74' lang='lat' dir='ltr'><strong>tuo,</strong></span> <span class='ocrx_word' id='word_1_215' title='bbox 937 2463 968 2514; x_wconf 77' lang='lat' dir='ltr'><strong>v.</strong></span> <span class='ocrx_word' id='word_1_216' title='bbox 987 2465 1014 2513; x_wconf 83' lang='lat' dir='ltr'><strong>t.</strong></span> <span class='ocrx_word' id='word_1_217' title='bbox 1036 2463 1060 2510; x_wconf 89' lang='grc' dir='ltr'><strong>ι.</strong></span> 
     </span>
    </p>
   </div>
   <div class='ocr_carea' id='block_1_7' title="bbox 285 2565 1457 2814">
    <p class='ocr_par' dir='ltr' id='par_1_7' title="bbox 285 2565 1457 2814">
     <span class='ocr_line' id='line_1_22' title="bbox 285 2565 1456 2634; baseline 0.004 -17"><span class='ocrx_word' id='word_1_218' title='bbox 285 2565 311 2632; x_wconf 77' lang='lat'><strong>⁸)</strong></span> <span class='ocrx_word' id='word_1_219' title='bbox 331 2571 448 2632; x_wconf 74' lang='lat' dir='ltr'><strong>vestigia</strong></span> <span class='ocrx_word' id='word_1_220' title='bbox 461 2571 588 2631; x_wconf 77' lang='lat' dir='ltr'><strong>eiusmodi</strong></span> <span class='ocrx_word' id='word_1_221' title='bbox 606 2573 846 2632; x_wconf 75' lang='lat' dir='ltr'><strong>interpretationum</strong></span> <span class='ocrx_word' id='word_1_222' title='bbox 869 2571 949 2620; x_wconf 77' lang='lat' dir='ltr'><strong>hebes</strong></span> <span class='ocrx_word' id='word_1_223' title='bbox 968 2572 1059 2620; x_wconf 80' lang='lat' dir='ltr'><strong>littth.</strong></span> <span class='ocrx_word' id='word_1_224' title='bbox 1078 2573 1109 2628; x_wconf 76' lang='lat' dir='ltr'><strong>V,</strong></span> <span class='ocrx_word' id='word_1_225' title='bbox 1123 2573 1169 2621; x_wconf 77' lang='lat' dir='ltr'><strong>ii.</strong></span> <span class='ocrx_word' id='word_1_226' title='bbox 1180 2586 1237 2634; x_wconf 76' lang='lat' dir='ltr'><strong>sqq.</strong></span> <span class='ocrx_word' id='word_1_227' title='bbox 1252 2576 1279 2620; x_wconf 87' lang='lat' dir='ltr'><strong>et</strong></span> <span class='ocrx_word' id='word_1_228' title='bbox 1297 2574 1392 2632; x_wconf 75' lang='lat' dir='ltr'><strong>unu,</strong></span> <span class='ocrx_word' id='word_1_229' title='bbox 1411 2576 1456 2623; x_wconf 75' lang='lat'><strong>³6.</strong></span> 
     </span>
     <span class='ocr_line' id='line_1_23' title="bbox 333 2663 1457 2732; baseline 0.004 -23"><span class='ocrx_word' id='word_1_230' title='bbox 333 2676 391 2732; x_wconf 65' lang='lat' dir='ltr'><strong>squ.</strong></span> <span class='ocrx_word' id='word_1_231' title='bbox 417 2663 477 2710; x_wconf 83' lang='lat' dir='ltr'><strong>roll.</strong></span> <span class='ocrx_word' id='word_1_232' title='bbox 503 2663 585 2712; x_wconf 82' lang='lat' dir='ltr'><strong>horit.</strong></span> <span class='ocrx_word' id='word_1_233' title='bbox 605 2663 679 2725; x_wconf 67' lang='lat' dir='ltr'><strong>xlx,</strong></span> <span class='ocrx_word' id='word_1_234' title='bbox 710 2665 753 2720; x_wconf 67' lang='lat' dir='ltr'><strong>it·</strong></span> <span class='ocrx_word' id='word_1_235' title='bbox 778 2663 864 2717; x_wconf 73' lang='lat' dir='ltr'><strong>Mittit.</strong></span> <span class='ocrx_word' id='word_1_236' title='bbox 891 2664 980 2724; x_wconf 73' lang='grc' dir='ltr'>ΧΧΙΙΙ,</span> <span class='ocrx_word' id='word_1_237' title='bbox 1006 2665 1031 2717; x_wconf 73' lang='grc'><strong>5.</strong></span> <span class='ocrx_word' id='word_1_238' title='bbox 1055 2666 1113 2719; x_wconf 72' lang='lat' dir='ltr'><strong>toli,</strong></span> <span class='ocrx_word' id='word_1_239' title='bbox 1144 2665 1225 2718; x_wconf 67' lang='lat' dir='ltr'><strong>lituu.</strong></span> <span class='ocrx_word' id='word_1_240' title='bbox 1253 2665 1322 2721; x_wconf 77' lang='lat' dir='ltr'><strong>xiil,</strong></span> <span class='ocrx_word' id='word_1_241' title='bbox 1357 2668 1402 2712; x_wconf 83' lang='lat' dir='ltr'><strong>iii·</strong></span> <span class='ocrx_word' id='word_1_242' title='bbox 1431 2672 1457 2713; x_wconf 83' lang='lat' dir='ltr'><strong>et</strong></span> 
     </span>
     <span class='ocr_line' id='line_1_24' title="bbox 330 2752 586 2814; baseline 0.004 -15"><span class='ocrx_word' id='word_1_243' title='bbox 330 2754 405 2800; x_wconf 84' lang='lat' dir='ltr'><strong>Dent.</strong></span> <span class='ocrx_word' id='word_1_244' title='bbox 425 2752 469 2814; x_wconf 87' lang='lat' dir='ltr'><strong>Vl,</strong></span> <span class='ocrx_word' id='word_1_245' title='bbox 488 2754 516 2800; x_wconf 84' lang='grc'><strong>8.</strong></span> <span class='ocrx_word' id='word_1_246' title='bbox 536 2757 586 2806; x_wconf 87' lang='lat' dir='ltr'><strong>ete.</strong></span> 
     </span>
    </p>
   </div>
   <div class='ocr_carea' id='block_1_8' title="bbox 682 2943 1036 3020">
    <p class='ocr_par' dir='ltr' id='par_1_8' title="bbox 682 2943 1036 3020">
     <span class='ocr_line' id='line_1_25' title="bbox 682 2943 1036 3020; baseline 0.023 -17"><span class='ocrx_word' id='word_1_247' title='bbox 682 2951 710 3020; x_wconf 75' lang='lat' dir='ltr'><strong>s.</strong></span> <span class='ocrx_word' id='word_1_248' title='bbox 728 2943 794 3004; x_wconf 82' lang='lat' dir='ltr'><strong>lii.</strong></span> <span class='ocrx_word' id='word_1_249' title='bbox 811 2943 877 3004; x_wconf 80' lang='lat' dir='ltr'><strong>lost</strong></span> <span class='ocrx_word' id='word_1_250' title='bbox 892 2946 1036 3011; x_wconf 78' lang='lat' dir='ltr'><strong>sursum</strong></span> 
     </span>
    </p>
   </div>
   <div class='ocr_carea' id='block_1_9' title="bbox 250 3111 1453 4722">
    <p class='ocr_par' dir='ltr' id='par_1_9' title="bbox 252 3111 1453 4070">
     <span class='ocr_line' id='line_1_26' title="bbox 349 3111 1453 3200; baseline 0.005 -24"><span class='ocrx_word' id='word_1_251' title='bbox 349 3111 571 3196; x_wconf 79' lang='lat' dir='ltr'><strong>Expositiones</strong></span> <span class='ocrx_word' id='word_1_252' title='bbox 585 3111 793 3195; x_wconf 78' lang='lat' dir='ltr'><strong>iudaeorum,</strong></span> <span class='ocrx_word' id='word_1_253' title='bbox 818 3133 898 3198; x_wconf 84' lang='lat' dir='ltr'><strong>quae</strong></span> <span class='ocrx_word' id='word_1_254' title='bbox 914 3136 931 3179; x_wconf 92' lang='lat' dir='ltr'><strong>o</strong></span> <span class='ocrx_word' id='word_1_255' title='bbox 946 3115 1097 3200; x_wconf 81' lang='lat' dir='ltr'><strong>proximis</strong></span> <span class='ocrx_word' id='word_1_256' title='bbox 1112 3119 1186 3198; x_wconf 83' lang='lat' dir='ltr'><strong>pest</strong></span> <span class='ocrx_word' id='word_1_257' title='bbox 1199 3115 1364 3180; x_wconf 79' lang='lat' dir='ltr'><strong>Christum</strong></span> <span class='ocrx_word' id='word_1_258' title='bbox 1381 3137 1453 3181; x_wconf 81' lang='lat' dir='ltr'><strong>sae-</strong></span> 
     </span>
     <span class='ocr_line' id='line_1_27' title="bbox 259 3219 1452 3311; baseline 0.003 -24"><span class='ocrx_word' id='word_1_259' title='bbox 259 3219 337 3287; x_wconf 85' lang='lat' dir='ltr'><strong>culis</strong></span> <span class='ocrx_word' id='word_1_260' title='bbox 359 3219 451 3286; x_wconf 89' lang='lat' dir='ltr'><strong>nobis</strong></span> <span class='ocrx_word' id='word_1_261' title='bbox 478 3225 621 3301; x_wconf 87' lang='lat' dir='ltr'><strong>restani,</strong></span> <span class='ocrx_word' id='word_1_262' title='bbox 654 3222 817 3306; x_wconf 81' lang='lat' dir='ltr'><strong>depositae</strong></span> <span class='ocrx_word' id='word_1_263' title='bbox 840 3226 966 3294; x_wconf 85' lang='lat' dir='ltr'><strong>suntin</strong></span> <span class='ocrx_word' id='word_1_264' title='bbox 992 3225 1173 3305; x_wconf 69' lang='lat' dir='ltr'><strong>unimode,</strong></span> <span class='ocrx_word' id='word_1_265' title='bbox 1197 3225 1359 3311; x_wconf 83' lang='lat' dir='ltr'><strong>quilegie</strong></span> <span class='ocrx_word' id='word_1_266' title='bbox 1383 3229 1452 3291; x_wconf 85' lang='lat' dir='ltr'><strong>llo-</strong></span> 
     </span>
     <span class='ocr_line' id='line_1_28' title="bbox 257 3330 1451 3417; baseline -0.002 -18"><span class='ocrx_word' id='word_1_267' title='bbox 257 3331 360 3400; x_wconf 76' lang='lat' dir='ltr'><strong>aaicae</strong></span> <span class='ocrx_word' id='word_1_268' title='bbox 376 3330 499 3396; x_wconf 81' lang='lat' dir='ltr'><strong>ratione</strong></span> <span class='ocrx_word' id='word_1_269' title='bbox 514 3330 621 3394; x_wconf 87' lang='lat' dir='ltr'><strong>habita</strong></span> <span class='ocrx_word' id='word_1_270' title='bbox 635 3337 806 3415; x_wconf 85' lang='lat' dir='ltr'><strong>praecepta</strong></span> <span class='ocrx_word' id='word_1_271' title='bbox 822 3333 1060 3417; x_wconf 85' lang='lat' dir='ltr'><strong>complectitur,</strong></span> <span class='ocrx_word' id='word_1_272' title='bbox 1078 3335 1118 3398; x_wconf 78' lang='lat' dir='ltr'><strong>al</strong></span> <span class='ocrx_word' id='word_1_273' title='bbox 1133 3353 1241 3398; x_wconf 88' lang='lat' dir='ltr'><strong>omnes</strong></span> <span class='ocrx_word' id='word_1_274' title='bbox 1257 3332 1451 3402; x_wconf 75' lang='lat' dir='ltr'><strong>ludaeorum</strong></span> 
     </span>
     <span class='ocr_line' id='line_1_29' title="bbox 257 3437 1452 3528; baseline 0.002 -24"><span class='ocrx_word' id='word_1_275' title='bbox 257 3439 454 3504; x_wconf 86' lang='lat' dir='ltr'><strong>conditiones</strong></span> <span class='ocrx_word' id='word_1_276' title='bbox 468 3439 553 3504; x_wconf 84' lang='lat' dir='ltr'><strong>vitae</strong></span> <span class='ocrx_word' id='word_1_277' title='bbox 568 3444 635 3502; x_wconf 90' lang='lat' dir='ltr'><strong>ium</strong></span> <span class='ocrx_word' id='word_1_278' title='bbox 652 3437 753 3503; x_wconf 78' lang='lat' dir='ltr'><strong>civilis</strong></span> <span class='ocrx_word' id='word_1_279' title='bbox 767 3444 834 3504; x_wconf 90' lang='lat' dir='ltr'><strong>tum</strong></span> <span class='ocrx_word' id='word_1_280' title='bbox 850 3441 1019 3528; x_wconf 81' lang='lat' dir='ltr'><strong>religiosae</strong></span> <span class='ocrx_word' id='word_1_281' title='bbox 1036 3442 1220 3526; x_wconf 85' lang='lat' dir='ltr'><strong>spectantia.</strong></span> <span class='ocrx_word' id='word_1_282' title='bbox 1257 3443 1347 3520; x_wconf 75' lang='lat' dir='ltr'><strong>Quae</strong></span> <span class='ocrx_word' id='word_1_283' title='bbox 1365 3463 1452 3508; x_wconf 87' lang='lat' dir='ltr'><strong>eom·</strong></span> 
     </span>
     <span class='ocr_line' id='line_1_30' title="bbox 255 3546 1452 3636; baseline -0.002 -21"><span class='ocrx_word' id='word_1_284' title='bbox 255 3549 347 3616; x_wconf 82' lang='lat' dir='ltr'><strong>moda</strong></span> <span class='ocrx_word' id='word_1_285' title='bbox 375 3567 412 3611; x_wconf 85' lang='lat' dir='ltr'><strong>ex</strong></span> <span class='ocrx_word' id='word_1_286' title='bbox 435 3566 474 3610; x_wconf 91' lang='lat' dir='ltr'><strong>eo</strong></span> <span class='ocrx_word' id='word_1_287' title='bbox 495 3546 615 3612; x_wconf 86' lang='lat' dir='ltr'><strong>hauriri</strong></span> <span class='ocrx_word' id='word_1_288' title='bbox 638 3553 788 3630; x_wconf 83' lang='lat' dir='ltr'><strong>possunt,</strong></span> <span class='ocrx_word' id='word_1_289' title='bbox 811 3549 878 3616; x_wconf 86' lang='lat' dir='ltr'><strong>iere</strong></span> <span class='ocrx_word' id='word_1_290' title='bbox 902 3551 942 3614; x_wconf 79' lang='lat' dir='ltr'><strong>ui</strong></span> <span class='ocrx_word' id='word_1_291' title='bbox 964 3549 1173 3636; x_wconf 74' lang='lat' dir='ltr'><strong>cognitionem</strong></span> <span class='ocrx_word' id='word_1_292' title='bbox 1198 3569 1275 3616; x_wconf 84' lang='lat' dir='ltr'><strong>usur</strong></span> <span class='ocrx_word' id='word_1_293' title='bbox 1299 3549 1452 3636; x_wconf 76' lang='lat' dir='ltr'><strong>loquendi</strong></span> 
     </span>
     <span class='ocr_line' id='line_1_31' title="bbox 254 3654 1451 3742; baseline 0.005 -26"><span class='ocrx_word' id='word_1_294' title='bbox 254 3654 361 3725; x_wconf 87' lang='lat' dir='ltr'><strong>biblici</strong></span> <span class='ocrx_word' id='word_1_295' title='bbox 384 3659 416 3718; x_wconf 87' lang='lat' dir='ltr'><strong>et</strong></span> <span class='ocrx_word' id='word_1_296' title='bbox 437 3654 658 3739; x_wconf 85' lang='lat' dir='ltr'><strong>antiquitatum</strong></span> <span class='ocrx_word' id='word_1_297' title='bbox 680 3656 880 3721; x_wconf 74' lang='lat' dir='ltr'><strong>latrinarum</strong></span> <span class='ocrx_word' id='word_1_298' title='bbox 906 3660 1054 3742; x_wconf 79' lang='lat' dir='ltr'><strong>redeunt,</strong></span> <span class='ocrx_word' id='word_1_299' title='bbox 1078 3664 1114 3728; x_wconf 85' lang='lat' dir='ltr'><strong>ut</strong></span> <span class='ocrx_word' id='word_1_300' title='bbox 1129 3679 1188 3722; x_wconf 84' lang='lat' dir='ltr'><strong>sno</strong></span> <span class='ocrx_word' id='word_1_301' title='bbox 1203 3659 1274 3722; x_wconf 89' lang='lat' dir='ltr'><strong>loco</strong></span> <span class='ocrx_word' id='word_1_302' title='bbox 1300 3660 1451 3726; x_wconf 85' lang='lat' dir='ltr'><strong>observa-</strong></span> 
     </span>
     <span class='ocr_line' id='line_1_32' title="bbox 254 3759 1449 3851; baseline 0.008 -27"><span class='ocrx_word' id='word_1_303' title='bbox 254 3765 322 3825; x_wconf 85' lang='lat' dir='ltr'><strong>tum</strong></span> <span class='ocrx_word' id='word_1_304' title='bbox 349 3766 398 3826; x_wconf 87' lang='lat' dir='ltr'><strong>esi</strong></span> <span class='ocrx_word' id='word_1_305' title='bbox 420 3759 472 3850; x_wconf 69' lang='lat' dir='ltr'><strong>(S.</strong></span> <span class='ocrx_word' id='word_1_306' title='bbox 488 3765 542 3830; x_wconf 79' lang='grc'><strong>38.</strong></span> <span class='ocrx_word' id='word_1_307' title='bbox 568 3770 600 3829; x_wconf 89' lang='lat' dir='ltr'><strong>ot</strong></span> <span class='ocrx_word' id='word_1_308' title='bbox 614 3765 646 3846; x_wconf 77' lang='lat' dir='ltr'><strong>S.</strong></span> <span class='ocrx_word' id='word_1_309' title='bbox 665 3763 767 3851; x_wconf 63' lang='lat' dir='ltr'><strong>loa),</strong></span> <span class='ocrx_word' id='word_1_310' title='bbox 796 3765 1077 3850; x_wconf 76' lang='lat' dir='ltr'><strong>interpretationes</strong></span> <span class='ocrx_word' id='word_1_311' title='bbox 1101 3768 1138 3830; x_wconf 87' lang='lat' dir='ltr'><strong>V.</strong></span> <span class='ocrx_word' id='word_1_312' title='bbox 1157 3767 1197 3832; x_wconf 82' lang='grc' dir='ltr'><strong>Τ.</strong></span> <span class='ocrx_word' id='word_1_313' title='bbox 1225 3767 1257 3828; x_wconf 91' lang='lat' dir='ltr'><strong>in</strong></span> <span class='ocrx_word' id='word_1_314' title='bbox 1273 3788 1312 3831; x_wconf 90' lang='lat' dir='ltr'><strong>eo</strong></span> <span class='ocrx_word' id='word_1_315' title='bbox 1332 3789 1449 3834; x_wconf 89' lang='lat' dir='ltr'><strong>occur·</strong></span> 
     </span>
     <span class='ocr_line' id='line_1_33' title="bbox 254 3871 1449 3958; baseline 0.007 -22"><span class='ocrx_word' id='word_1_316' title='bbox 254 3875 362 3936; x_wconf 84' lang='lat' dir='ltr'><strong>rentes</strong></span> <span class='ocrx_word' id='word_1_317' title='bbox 382 3871 588 3957; x_wconf 77' lang='lat' dir='ltr'><strong>allegoricae,</strong></span> <span class='ocrx_word' id='word_1_318' title='bbox 613 3875 653 3936; x_wconf 83' lang='lat' dir='ltr'><strong>ad</strong></span> <span class='ocrx_word' id='word_1_319' title='bbox 677 3875 842 3957; x_wconf 89' lang='lat' dir='ltr'><strong>opiniones</strong></span> <span class='ocrx_word' id='word_1_320' title='bbox 871 3871 1063 3944; x_wconf 78' lang='lat' dir='ltr'><strong>iudaeorum</strong></span> <span class='ocrx_word' id='word_1_321' title='bbox 1086 3879 1362 3958; x_wconf 67' lang='lat' dir='ltr'><strong>terremotum,</strong></span> <span class='ocrx_word' id='word_1_322' title='bbox 1386 3879 1449 3944; x_wconf 87' lang='lat' dir='ltr'><strong>ima</strong></span> 
     </span>
     <span class='ocr_line' id='line_1_34' title="bbox 252 3980 1042 4070; baseline 0.014 -28"><span class='ocrx_word' id='word_1_323' title='bbox 252 3980 336 4052; x_wconf 82' lang='lat' dir='ltr'><strong>baud</strong></span> <span class='ocrx_word' id='word_1_324' title='bbox 359 3999 435 4044; x_wconf 87' lang='lat' dir='ltr'><strong>raro</strong></span> <span class='ocrx_word' id='word_1_325' title='bbox 451 3980 542 4063; x_wconf 91' lang='lat' dir='ltr'><strong>plane</strong></span> <span class='ocrx_word' id='word_1_326' title='bbox 557 3982 682 4066; x_wconf 86' lang='lat' dir='ltr'><strong>inopiae</strong></span> <span class='ocrx_word' id='word_1_327' title='bbox 698 3988 730 4047; x_wconf 87' lang='lat' dir='ltr'><strong>et</strong></span> <span class='ocrx_word' id='word_1_328' title='bbox 747 3983 898 4052; x_wconf 77' lang='lat' dir='ltr'><strong>ridiculae</strong></span> <span class='ocrx_word' id='word_1_329' title='bbox 915 3990 987 4050; x_wconf 89' lang='lat' dir='ltr'><strong>sunt</strong></span> <span class='ocrx_word' id='word_1_330' title='bbox 1000 3982 1042 4070; x_wconf 75' lang='lat'><strong>²),</strong></span> 
     </span>
    </p>

    <p class='ocr_par' dir='ltr' id='par_1_10' title="bbox 250 4089 1448 4722">
     <span class='ocr_line' id='line_1_35' title="bbox 342 4089 1447 4178; baseline 0.005 -24"><span class='ocrx_word' id='word_1_331' title='bbox 342 4089 525 4154; x_wconf 81' lang='lat' dir='ltr'><strong>Talmudem</strong></span> <span class='ocrx_word' id='word_1_332' title='bbox 547 4091 691 4175; x_wconf 84' lang='lat' dir='ltr'><strong>sequitur</strong></span> <span class='ocrx_word' id='word_1_333' title='bbox 713 4095 877 4176; x_wconf 77' lang='lat' dir='ltr'><strong>Cohbulu,</strong></span> <span class='ocrx_word' id='word_1_334' title='bbox 902 4115 982 4178; x_wconf 82' lang='lat' dir='ltr'><strong>quae</strong></span> <span class='ocrx_word' id='word_1_335' title='bbox 1004 4099 1055 4162; x_wconf 89' lang='lat' dir='ltr'><strong>ost</strong></span> <span class='ocrx_word' id='word_1_336' title='bbox 1077 4095 1283 4176; x_wconf 83' lang='lat' dir='ltr'><strong>expositionis</strong></span> <span class='ocrx_word' id='word_1_337' title='bbox 1309 4094 1447 4159; x_wconf 73' lang='lat' dir='ltr'><strong>biblicae</strong></span> 
     </span>
     <span class='ocr_line' id='line_1_36' title="bbox 254 4199 1448 4287; baseline 0.006 -27"><span class='ocrx_word' id='word_1_338' title='bbox 254 4217 370 4286; x_wconf 84' lang='lat' dir='ltr'><strong>genus,</strong></span> <span class='ocrx_word' id='word_1_339' title='bbox 389 4219 451 4281; x_wconf 82' lang='lat' dir='ltr'><strong>quo</strong></span> <span class='ocrx_word' id='word_1_340' title='bbox 468 4219 530 4261; x_wconf 93' lang='lat' dir='ltr'><strong>non</strong></span> <span class='ocrx_word' id='word_1_341' title='bbox 545 4199 646 4263; x_wconf 90' lang='lat' dir='ltr'><strong>solum</strong></span> <span class='ocrx_word' id='word_1_342' title='bbox 662 4201 834 4268; x_wconf 85' lang='lat' dir='ltr'><strong>sententiae</strong></span> <span class='ocrx_word' id='word_1_343' title='bbox 851 4206 883 4265; x_wconf 89' lang='lat' dir='ltr'><strong>et</strong></span> <span class='ocrx_word' id='word_1_344' title='bbox 894 4201 1036 4287; x_wconf 83' lang='lat' dir='ltr'><strong>integrae</strong></span> <span class='ocrx_word' id='word_1_345' title='bbox 1049 4201 1208 4266; x_wconf 86' lang='lat' dir='ltr'><strong>orationes</strong></span> <span class='ocrx_word' id='word_1_346' title='bbox 1219 4221 1246 4265; x_wconf 89' lang='lat' dir='ltr'><strong>s.</strong></span> <span class='ocrx_word' id='word_1_347' title='bbox 1259 4203 1448 4287; x_wconf 76' lang='lat' dir='ltr'><strong>Scripturae</strong></span> 
     </span>
     <span class='ocr_line' id='line_1_37' title="bbox 253 4306 1447 4396; baseline 0.002 -23"><span class='ocrx_word' id='word_1_348' title='bbox 253 4306 471 4389; x_wconf 75' lang='lat' dir='ltr'><strong>explanantur,</strong></span> <span class='ocrx_word' id='word_1_349' title='bbox 496 4307 553 4370; x_wconf 83' lang='lat' dir='ltr'><strong>sel</strong></span> <span class='ocrx_word' id='word_1_350' title='bbox 569 4313 600 4371; x_wconf 89' lang='lat' dir='ltr'><strong>et</strong></span> <span class='ocrx_word' id='word_1_351' title='bbox 617 4329 731 4389; x_wconf 86' lang='lat' dir='ltr'><strong>voces,</strong></span> <span class='ocrx_word' id='word_1_352' title='bbox 756 4309 896 4394; x_wconf 79' lang='lat' dir='ltr'><strong>syllabae</strong></span> <span class='ocrx_word' id='word_1_353' title='bbox 912 4331 949 4374; x_wconf 90' lang='lat' dir='ltr'><strong>ac</strong></span> <span class='ocrx_word' id='word_1_354' title='bbox 965 4309 1106 4396; x_wconf 79' lang='lat' dir='ltr'><strong>singulae</strong></span> <span class='ocrx_word' id='word_1_355' title='bbox 1122 4329 1248 4394; x_wconf 84' lang='lat' dir='ltr'><strong>quoque</strong></span> <span class='ocrx_word' id='word_1_356' title='bbox 1263 4311 1380 4377; x_wconf 81' lang='lat' dir='ltr'><strong>literae</strong></span> <span class='ocrx_word' id='word_1_357' title='bbox 1396 4333 1447 4375; x_wconf 83' lang='lat' dir='ltr'><strong>se-</strong></span> 
     </span>
     <span class='ocr_line' id='line_1_38' title="bbox 251 4414 1447 4504; baseline 0.003 -24"><span class='ocrx_word' id='word_1_358' title='bbox 251 4415 411 4498; x_wconf 83' lang='lat' dir='ltr'><strong>paratim„</strong></span> <span class='ocrx_word' id='word_1_359' title='bbox 424 4414 475 4480; x_wconf 86' lang='lat' dir='ltr'><strong>vel</strong></span> <span class='ocrx_word' id='word_1_360' title='bbox 497 4415 590 4482; x_wconf 83' lang='lat' dir='ltr'><strong>etiam</strong></span> <span class='ocrx_word' id='word_1_361' title='bbox 613 4419 783 4485; x_wconf 75' lang='lat' dir='ltr'><strong>secuntum</strong></span> <span class='ocrx_word' id='word_1_362' title='bbox 805 4418 944 4482; x_wconf 86' lang='lat' dir='ltr'><strong>valorem</strong></span> <span class='ocrx_word' id='word_1_363' title='bbox 969 4435 1058 4482; x_wconf 90' lang='lat' dir='ltr'><strong>sunm</strong></span> <span class='ocrx_word' id='word_1_364' title='bbox 1082 4419 1275 4484; x_wconf 78' lang='lat' dir='ltr'><strong>numericam</strong></span> <span class='ocrx_word' id='word_1_365' title='bbox 1292 4441 1447 4504; x_wconf 80' lang='lat' dir='ltr'><strong>expensae</strong></span> 
     </span>
     <span class='ocr_line' id='line_1_39' title="bbox 250 4524 1445 4611; baseline 0.005 -25"><span class='ocrx_word' id='word_1_366' title='bbox 250 4524 480 4606; x_wconf 82' lang='lat' dir='ltr'><strong>examinantur,</strong></span> <span class='ocrx_word' id='word_1_367' title='bbox 521 4530 553 4589; x_wconf 86' lang='lat' dir='ltr'><strong>ot</strong></span> <span class='ocrx_word' id='word_1_368' title='bbox 585 4524 684 4590; x_wconf 84' lang='lat' dir='ltr'><strong>variis</strong></span> <span class='ocrx_word' id='word_1_369' title='bbox 714 4531 778 4590; x_wconf 85' lang='lat' dir='ltr'><strong>tam</strong></span> <span class='ocrx_word' id='word_1_370' title='bbox 808 4526 972 4598; x_wconf 81' lang='lat' dir='ltr'><strong>historicis</strong></span> <span class='ocrx_word' id='word_1_371' title='bbox 1003 4548 1093 4611; x_wconf 88' lang='lat' dir='ltr'><strong>quam</strong></span> <span class='ocrx_word' id='word_1_372' title='bbox 1122 4527 1276 4610; x_wconf 55' lang='lat' dir='ltr'><strong>mysticis„</strong></span> <span class='ocrx_word' id='word_1_373' title='bbox 1299 4531 1445 4598; x_wconf 84' lang='lat' dir='ltr'><strong>sensibus</strong></span> 
     </span>
     <span class='ocr_line' id='line_1_40' title="bbox 250 4629 1215 4722; baseline -0.003 -22"><span class='ocrx_word' id='word_1_374' title='bbox 250 4632 349 4716; x_wconf 81' lang='lat' dir='ltr'><strong>magis</strong></span> <span class='ocrx_word' id='word_1_375' title='bbox 366 4629 538 4702; x_wconf 80' lang='lat' dir='ltr'><strong>artificiose</strong></span> <span class='ocrx_word' id='word_1_376' title='bbox 562 4640 593 4710; x_wconf 87' lang='lat' dir='ltr'><strong>et</strong></span> <span class='ocrx_word' id='word_1_377' title='bbox 609 4639 738 4722; x_wconf 84' lang='lat' dir='ltr'><strong>arguto,</strong></span> <span class='ocrx_word' id='word_1_378' title='bbox 764 4657 854 4720; x_wconf 85' lang='lat' dir='ltr'><strong>quam</strong></span> <span class='ocrx_word' id='word_1_379' title='bbox 871 4657 945 4703; x_wconf 81' lang='lat' dir='ltr'><strong>uere</strong></span> <span class='ocrx_word' id='word_1_380' title='bbox 963 4641 1159 4722; x_wconf 84' lang='lat' dir='ltr'><strong>exponuntur</strong></span> <span class='ocrx_word' id='word_1_381' title='bbox 1171 4632 1215 4721; x_wconf 81' lang='lat'><strong>²).</strong></span> 
     </span>
    </p>
   </div>
   <div class='ocr_carea' id='block_1_10' title="bbox 0 0 1564 5282">
    <p class='ocr_par' dir='ltr' id='par_1_11' title="bbox 0 0 1564 5282">
     <span class='ocr_line' id='line_1_41' title="bbox 0 0 1564 5282; baseline 0 1"><span class='ocrx_word' id='word_1_382' title='bbox 0 0 1564 5282; x_wconf 95' lang='lat' dir='ltr'><strong> </strong></span> 
     </span>
    </p>
   </div>
  </div>
 </body>
</html>
