3112 5284
1257 423 1337 500 253

146 597 313 688 rentur³).
358 601 462 682 Atque
489 596 566 662 baec
588 595 741 680 expositio
766 616 834 660 cnm
859 597 937 682 ipsis
958 599 1087 682 scriptis
1110 605 1140 664 et
1162 606 1232 666 toto
1250 623 1337 664 com·
1453 640 1462 660 .

148 709 241 790 plexu
268 708 431 773 doctrinae
458 707 614 792 posteris,
647 707 695 770 uti
722 726 779 790 per
809 727 843 770 se
870 713 973 789 patet,
996 708 1194 790 tradebatur,
1231 709 1338 790 sicque

149 817 330 882 authentica
354 816 539 900 Scripturas
566 813 786 896 interpretatio
818 835 880 878 nou
905 816 1006 878 minus
1032 837 1069 880 ac
1086 817 1155 899 ipsa
1172 816 1339 900 Scriptura

149 927 181 988 in
198 926 342 990 Ecclesia
364 924 519 990 catholica
535 924 770 1008 propagabatur
781 920 825 1010 ⁸).
871 923 981 1006 Neque
1004 924 1184 1004 defuerunt,
1208 926 1261 1008 qui
1284 947 1338 988 ex-

147 1034 324 1116 positiones
354 1052 513 1097 sacrarum
538 1031 701 1096 literarum
727 1031 772 1094 ita
797 1038 884 1096 ortas
912 1037 943 1094 et
970 1038 1158 1118 propagatas
1186 1055 1337 1096 unacum

150 1141 305 1204 doctrinis
329 1162 385 1204 ore
400 1140 590 1224 praedicatis
606 1138 727 1222 scripto
744 1142 940 1218 mandarent,
964 1160 1025 1223 quo
1048 1140 1132 1205 iacto
1155 1140 1255 1204 deleri
1276 1163 1339 1204 non

150 1249 285 1333 amplius
302 1253 491 1333 potuerunt,
524 1248 583 1312 nisi
610 1247 688 1332 ipsi,
712 1249 766 1332 qui
787 1248 988 1312 traditionem
1014 1249 1228 1330 continebant,
1264 1250 1339 1312 libri

146 1357 298 1440 perirent.

241 1464 296 1528 Sic
323 1463 515 1530 intellectam
539 1483 565 1526 s.
595 1461 780 1546 Scripturas
812 1465 1102 1547 interpretationem
1130 1465 1339 1544 authenticam¹

148 1595 187 1638 ne
217 1575 434 1638 Protestantes
459 1572 584 1654 quidem
612 1572 746 1636 caeteris
773 1572 939 1656 aequiores
965 1578 1096 1658 negant,
1126 1578 1236 1656 utpote
1259 1596 1339 1657 quae

149 1703 187 1746 ex
202 1681 251 1745 rei
272 1685 384 1744 natura
406 1680 513 1764 prodit
525 1675 567 1766 δ).

175 1843 200 1906 ¹)
220 1847 306 1894 'luem
324 1847 525 1906 praelectionem
544 1847 638 1893 Paulus
658 1845 857 1894 colossensibus
878 1847 974 1893 disemo
988 1847 1130 1907 praecipit,
1151 1859 1205 1908 cap.
1224 1849 1270 1908 lv,
1293 1851 1335 1895 ta.

222 1935 353 1984 emmens:
385 1935 448 1984 Cum
469 1937 540 1984 teoto
559 1935 648 1998 suerit
675 1938 746 1998 opud
767 1949 815 1984 eos
840 1937 952 1999 epistola
976 1937 1058 1991 boec,
1085 1935 1186 2000 facite,
1215 1941 1246 1985 ot
1265 1942 1291 1986 et
1307 1940 1337 1986 ia

220 2027 427 2076 baodiocnsiaom
448 2027 571 2076 Ecclesia
593 2029 715 2089 leqotur,
743 2031 768 2074 et
790 2041 863 2087 com,
888 2041 956 2090 quoe
974 2029 1177 2078 Laodicensium
1208 2033 1263 2090 est,
1288 2044 1338 2078 cuo

220 2118 326 2180 tepolis.
347 2119 422 2165 (tout.
436 2119 458 2165 1.
472 2118 536 2166 rim.
556 2119 598 2178 lv,
621 2120 662 2166 1³.

177 2202 204 2273 ¹)
224 2210 300 2257 cont.
316 2209 342 2270 ς.
361 2221 419 2270 sqq.
432 2211 485 2256 aot.
500 2211 523 2256 1.
537 2209 562 2256 2.

176 2293 202 2360 ³)
221 2301 284 2346 lude
298 2303 354 2355 est,
376 2300 444 2358 qnod
465 2298 700 2346 Tertullianus
719 2299 746 2344 in
759 2297 826 2345 libro
845 2303 935 2346 contra
949 2298 1103 2358 Gnosticos,
1124 2301 1167 2360 qni
1181 2299 1337 2360 Seorplacus

223 2389 394 2450 inscribitur,
423 2391 529 2448 egregie
552 2389 627 2436 dixit:
654 2388 738 2448 „Quis
766 2402 837 2435 nono
858 2389 989 2435 medullas
1017 2387 1227 2452 Scripturcrom
1251 2393 1338 2452 moqio

222 2481 325 2534 nosset,
345 2493 424 2541 quom
442 2480 522 2542 ipso
544 2479 677 2527 Christi
689 2473 842 2528 Selicio?
861 2493 925 2541 quos
947 2482 973 2525 ct
985 2479 1038 2528 sibi
1050 2480 1194 2544 discipulos
1209 2481 1337 2532 Domitios

220 2569 372 2633 adoptavit,
413 2570 502 2618 emoto
529 2570 619 2634 utiquc
645 2571 810 2631 edoceeodos,
845 2572 872 2617 ot
900 2570 977 2618 nohis
1004 2570 1150 2631 mooistros
1179 2573 1334 2629 adornavit,

144 2707 148 2712 ,
221 2662 310 2708 omnio
338 2659 429 2722 actique
456 2661 614 2708 docturoe.”
653 2661 809 2717 caeterum,
837 2673 902 2722 qnae
921 2661 995 2710 verbi
1018 2661 1096 2708 divini
1116 2663 1143 2708 in
1164 2663 1339 2724 ademptura

217 2751 332 2800 contenti
352 2753 534 2812 interpretatio
557 2763 606 2810 per
624 2751 809 2809 Apostolorum
831 2764 972 2812 eorumque
991 2752 1178 2812 discipulorum
1197 2757 1335 2812 praedico·

217 2844 313 2890 tionem
332 2842 358 2888 iu
371 2842 490 2890 Ecclesia
506 2842 634 2888 catholico
646 2845 800 2890 conservata
812 2854 842 2888 oo
854 2845 997 2902 propagata
1016 2847 1074 2904 est,
1092 2847 1203 2891 vocator
1220 2846 1337 2893 traditio

221 2933 393 2981 declarativa
405 2935 448 2980 vel
460 2933 671 2982 hermenesticc.
699 2933 774 2980 Geni.
789 2932 820 2982 (i.
835 2933 974 2980 'rhomae
997 2933 1138 2994 Eieqler
1151 2935 1338 2994 Prolegomena

219 3022 375 3082 'theologiae
389 3022 483 3068 cathol.
504 3023 617 3068 Viennae
637 3022 712 3068 1821.
734 3021 804 3068 Soet.
817 3021 859 3068 lli.
880 3023 906 3082 s.
921 3023 963 3068 so.

173 3103 199 3177 ι)
219 3113 293 3160 Conl.
302 3111 502 3173 (irlesboch,
516 3113 566 3158 loci
575 3113 715 3172 theologici
729 3113 849 3158 exbeouo
858 3112 890 3158 m.
903 3113 1004 3160 collecti
1017 3113 1043 3172 s.
1054 3115 1093 3159 12.
1107 3116 1133 3160 et
1144 3112 1338 3174 Goettingisohe

218 3203 333 3261 gelehrte
345 3203 477 3261 anzeigen
494 3202 569 3248 1821.
589 3202 614 3248 8.
634 3203 755 3249 Decemb.

254 3378 283 3446 s.
301 3373 352 3432 uc.
368 3375 555 3434 authenticam
570 3374 703 3435 betleem
719 3377 916 3448 exposltionem
931 3375 1052 3449 spostou
1068 3378 1224 3440 docuerunt

239 3524 331 3602 Quod
355 3545 392 3588 ex
407 3524 455 3586 rei
483 3527 595 3586 natura
611 3522 787 3610 colligitur,
813 3525 1022 3600 cautionibus,
1047 3527 1228 3608 quibuscum
1251 3526 1339 3606 Apo-

146 3631 224 3696 stoli
255 3632 376 3714 scripta
407 3651 463 3695 sua
496 3631 705 3695 occasionalia
739 3632 912 3696 lectoribus
940 3634 1098 3717 primariis
1129 3631 1339 3715 tradiderunt,

146 3741 226 3803 mire
244 3737 458 3804 confirmatur.
504 3740 626 3804 Etenim
643 3739 719 3803 licet
739 3741 831 3823 primi
851 3741 1023 3806 Christiani
1039 3763 1164 3806 sensum
1181 3763 1207 3806 s.
1225 3742 1339 3826 Scrip-

144 3854 236 3912 turae
253 3849 377 3912 facilius
393 3850 555 3931 potuerint
577 3849 725 3927 invenire,
750 3871 840 3933 qnam
857 3871 915 3914 nos
931 3854 980 3914 tot
997 3851 1146 3915 subsidiis
1162 3851 1340 3936 primaevae

146 3959 310 4022 Ecclesiae
326 3958 489 4036 destituti3
511 3959 660 4041 Apostoli
675 3964 779 4022 tamen
795 3959 844 4022 bis
860 3959 938 4042 ipsis
953 3960 985 4022 in
1001 3961 1146 4024 doctrina
1161 3979 1180 4022 a
1195 3980 1230 4024 se
1244 3981 1339 4042 prae·

144 4066 303 4130 dicatioue
329 4067 449 4130 tradita
472 4072 566 4149 atque
593 4068 630 4130 ad
653 4068 827 4132 Ecclesiam
856 4067 1000 4152 deposita
1028 4068 1190 4132 criterium
1217 4069 1338 4130 consti-

142 4174 290 4252 tuebant,
320 4174 359 4236 ad
376 4175 459 4256 quod
477 4174 569 4238 dubia
585 4174 765 4252 solverent,
790 4175 961 4238 sententias
989 4175 1215 4255 examinarent,
1246 4195 1338 4236 erro-

143 4299 261 4362 resque
278 4281 468 4344 damnareut.
493 4279 580 4346 Loco
599 4282 679 4345 enim
698 4303 760 4345 non
777 4302 838 4344 uno
848 4281 995 4366 Apostoli
1012 4281 1209 4346 Christianos
1228 4279 1337 4342 borta-

144 4387 278 4468 bantur,
302 4391 338 4450 ut
352 4385 487 4451 firmiter
509 4394 670 4470 tenerent,
695 4408 771 4470 quas
789 4389 826 4450 ab
845 4388 923 4470 ipsis
939 4396 1084 4474 tanquam
1100 4394 1263 4474 praestans
1281 4390 1337 4450 de-

143 4496 281 4580 positum
298 4496 493 4579 accepissent
509 4498 696 4562 traditiones
710 4491 751 4582 ²).
776 4497 841 4558 lmo
858 4496 941 4582 lupis
954 4497 1119 4580 rapacibus
1132 4497 1337 4559 accensebant

145 4610 178 4672 et
194 4605 439 4670 condemnabant
462 4625 583 4684 omnes,
608 4605 662 4688 qui
678 4603 849 4668 doctrinam
864 4603 1052 4668 tradiderint
1067 4605 1220 4668 diversam
1236 4603 1274 4664 ab
1291 4624 1338 4682 ea,
