3190 5290
266 387 292 465 8

353 565 392 630 ad
416 566 448 630 l.
470 563 569 630 Deum
599 581 656 647 per
683 565 830 628 auctores
852 579 963 628 sueres
986 561 1166 649 loquentem
1192 561 1452 646 expressionibus,

261 693 341 761 quae
358 671 595 754 adhibebantur,
611 691 731 755 omnes,
748 690 828 758 quos
844 670 1029 752 admittunt,
1055 689 1166 736 seusus
1182 689 1241 755 pro
1257 666 1380 736 infinito
1397 691 1452 736 suo

258 784 424 851 intellectu
436 783 606 868 complecti
621 788 770 868 potuisse
785 806 849 849 non
864 801 1030 872 negamns;
1045 803 1163 865 verum,
1178 789 1214 848 nt
1229 783 1344 848 auditis
1361 783 1454 848 divini

258 895 415 962 sermonis
424 894 536 960 carnis
551 893 694 960 homines
711 893 805 960 etiam
822 912 929 960 ornnes
946 893 1043 960 hosce
1060 892 1310 978 complectantur
1331 911 1452 970 sensus,

257 1005 291 1070 id
307 1005 470 1070 intendere
486 1025 545 1070 noo
560 1004 660 1070 voluit
685 1025 743 1070 nec
765 1004 880 1088 potnit,
909 1003 971 1068 nisi
998 1003 1160 1070 burnonam
1182 1004 1213 1068 in
1240 1004 1374 1070 divinem
1397 1024 1453 1068 vo·

257 1112 354 1178 luerit
371 1119 557 1180 convertere
572 1119 726 1194 naturum,
742 1118 778 1177 ut
799 1111 877 1175 nihil
892 1133 954 1178 non
972 1112 1092 1198 capiat,
1109 1113 1192 1198 quod
1216 1111 1316 1178 Deum
1332 1111 1453 1178 sublata

260 1222 419 1290 bominum
436 1228 547 1289 natura
562 1221 711 1304 voluisse,
728 1242 883 1308 nunquam
900 1224 1118 1288 concedemus.

350 1322 504 1418 Siporro
522 1331 706 1416 multiplicis
722 1350 835 1397 sensus
850 1330 984 1397 literalis
1001 1331 1129 1416 petroni
1145 1336 1269 1420 urgent,
1290 1329 1390 1396 Deum
1404 1335 1453 1394 ta·

260 1462 331 1508 men
342 1442 546 1526 praevidisse,
556 1441 707 1529 quidquid
721 1440 860 1508 lectores
872 1463 931 1526 pro
943 1441 1061 1530 ingenii
1072 1441 1123 1506 sui
1137 1447 1169 1508 et
1181 1440 1276 1508 enini
1286 1439 1407 1504 viribus
1418 1460 1454 1504 ac

259 1550 384 1616 cultura
399 1571 426 1615 s.
440 1551 627 1635 Scripturas
639 1549 744 1615 verbis
756 1551 820 1615 sint
832 1550 1017 1636 subjecturi,
1030 1572 1091 1615 non
1103 1569 1331 1640 repugnamus,
1346 1569 1454 1614 verum

258 1662 390 1727 eundem
407 1660 501 1726 etiam
516 1665 672 1742 voluisse,
687 1667 723 1724 ut
738 1660 771 1724 id
786 1660 914 1742 lenient,
931 1661 1060 1745 probari
1072 1661 1192 1746 nequit,
1208 1659 1270 1724 nisi
1287 1659 1401 1746 aliquis
1424 1659 1454 1724 id

256 1769 331 1836 indo
346 1769 474 1851 inferat,
491 1770 575 1856 quod
592 1767 746 1854 ejusmodi
763 1770 922 1856 cogitatus
940 1789 977 1834 ex
988 1774 1100 1836 notura
1115 1789 1173 1834 sna
1187 1769 1252 1834 sint
1266 1770 1344 1851 veri,
1361 1769 1407 1853 pii
1424 1773 1455 1833 et

256 1879 391 1965 gloriam
411 1878 471 1943 llei
496 1884 528 1943 et
549 1878 682 1945 salutem
697 1876 856 1944 bominum
878 1885 1110 1962 promoventes.
1144 1878 1266 1958 Quodsi
1289 1882 1395 1944 autem
1411 1877 1454 1942 itu

257 1987 471 2075 argumentari
492 1987 616 2068 liceret,
643 1986 724 2052 nibil
747 1986 864 2068 obstat,
892 2010 954 2073 quo
970 1988 1072 2053 minus
1089 1987 1183 2054 otiam
1199 1987 1394 2067 adstruatur,
1422 1985 1469 2048 in·

260 2098 332 2181 ipso
346 2098 472 2164 Corano
487 2103 519 2162 et
532 2118 729 2186 quocumque
742 2097 804 2162 ulio
817 2097 899 2164 libro
916 2099 1042 2184 quaevis
1057 2098 1140 2164 bona
1156 2103 1188 2162 et
1204 2099 1243 2162 ad
1258 2093 1455 2164 aedificatio·

255 2226 327 2270 nem
341 2205 499 2272 bominum
520 2207 691 2273 servientia
708 2227 779 2274 esso
796 2211 954 2290 contenta,
979 2229 1074 2294 quum
1089 2206 1166 2274 tolia
1183 2229 1220 2274 ex
1235 2205 1307 2274 istis
1325 2205 1455 2292 seriptis

256 2315 422 2399 depromta
435 2315 503 2382 Deo
521 2321 610 2382 corto
625 2337 688 2384 non
705 2317 901 2401 displiceant.

346 2426 440 2504 Quod
455 2428 488 2492 2.
504 2425 596 2492 locos
613 2426 736 2508 attinet,
759 2425 874 2512 unibus
901 2425 1011 2510 plures
1026 2444 1139 2492 sensus
1159 2425 1302 2492 litorales
1323 2424 1455 2492 subesse

259 2532 450 2616 existimant,
466 2555 502 2600 ro
519 2535 698 2600 accuratius
716 2535 861 2601 discusso
875 2556 949 2600 sere
968 2535 1092 2602 nonnisi
1108 2556 1202 2600 unum
1219 2535 1382 2601 continere
1397 2537 1455 2601 de·

255 2642 503 2728 prehenduntur.
539 2645 663 2711 Etenim
692 2645 747 2710 alii
782 2646 943 2713 notionem
974 2646 1026 2712 vel
1058 2645 1246 2712 sententiam
1277 2645 1454 2734 generalem
1557 2659 1558 2690 ι

255 2753 430 2837 enuntiant,
447 2775 527 2843 quae
544 2756 651 2842 utique
664 2759 704 2823 ad
715 2756 808 2841 plura
818 2757 969 2842 specialia
980 2757 1097 2822 relorri
1108 2762 1233 2841 potest,
1250 2777 1383 2843 qnorum
1394 2757 1455 2822 ita·

255 2885 319 2950 que
334 2883 446 2930 sensns
468 2865 630 2950 amplioris
653 2865 789 2930 ambitus
804 2865 855 2930 vel
875 2867 1074 2950 foecundus,
1095 2887 1158 2934 non
1184 2887 1260 2932 uero
1283 2869 1456 2952 multiplea:

256 2974 409 3040 dicendus
426 2980 475 3040 est
488 2967 531 3062 ⁵).
543 2995 545 3000 ’
559 2975 623 3042 dlii
644 2998 720 3041 vero
743 2976 808 3041 loci
830 2976 875 3042 ita
894 2976 1069 3062 comparati
1085 2981 1179 3058 sunt,
1201 2983 1237 3042 ut
1252 2976 1378 3042 delectu
1402 2981 1455 3042 eut

255 3103 317 3149 usu
331 3084 433 3150 minos
449 3091 540 3152 recto
558 3084 772 3154 subsidiorum
797 3085 836 3150 ab
857 3086 1085 3172 interpretibus
1108 3086 1141 3152 in
1162 3086 1268 3152 uarios
1288 3085 1455 3152 trahantur

253 3213 378 3262 sensus.
395 3196 507 3283 Neque
524 3196 679 3282 ejusmodi
693 3197 785 3265 locos
797 3219 872 3264 vara
887 3198 995 3282 plures
1011 3217 1124 3263 sensus
1140 3197 1281 3264 litorales
1294 3197 1454 3282 compleo·

252 3303 292 3387 ti,
313 3307 370 3371 scd
390 3305 492 3372 solum
507 3306 651 3391 pluribus
665 3307 768 3372 modis
786 3307 936 3392 expliouri
951 3307 1151 3374 manifestum
1173 3313 1232 3372 est.
1263 3307 1452 3392 Plerumque

255 3414 445 3480 adminicula
456 3415 624 3504 diligenter
636 3416 775 3483 adbibita
790 3415 962 3498 sufficiunt,
978 3423 1014 3482 ut
1026 3417 1055 3482 si
1071 3438 1133 3483 non
1146 3421 1244 3500 certe,
1259 3421 1364 3483 tamen
1380 3436 1451 3482 oum

254 3521 528 3590 verisimilitudine
544 3525 690 3592 eliciatur
705 3545 816 3590 sensus
831 3544 923 3606 unus,
940 3546 1032 3611 quem
1047 3525 1179 3613 loquens
1195 3525 1350 3611 spectavit
1363 3515 1406 3613 ⁸).

346 3634 439 3712 Quod
454 3633 589 3719 deniqne
604 3634 636 3698 3.
653 3635 693 3699 ad
708 3634 931 3701 auctoritatem
948 3634 1149 3721 antiquorum
1165 3640 1299 3720 spectat,
1326 3639 1452 3701 veteres

254 3741 446 3809 ludaeorum
461 3744 616 3832 magistri,
638 3765 770 3830 quorum
786 3744 872 3810 dicta
888 3745 982 3810 otiam
1004 3747 1043 3811 nd
1059 3745 1353 3831 interpretationem
1373 3744 1451 3810 alle·

255 3853 407 3939 goricnrn,
424 3871 486 3940 qus
501 3853 628 3919 nimium
644 3853 890 3940 delectabantur,
906 3855 1021 3922 reterri
1037 3861 1180 3940 possunt,
1196 3875 1255 3922 nos
1272 3877 1335 3922 non
1351 3855 1450 3938 impe·

255 3961 358 4044 diunt,
375 3984 437 4049 quo
453 3962 556 4028 minus
571 3963 722 4030 unitatem
739 3984 851 4030 sensus
866 3965 999 4032 litoralis
1014 3963 1150 4032 tirmiter
1164 3969 1336 4030 teneamus.
1367 3963 1450 4044 Quin

257 4075 291 4137 et
305 4071 431 4138 laudate
443 4076 623 4138 sanctornm
635 4074 763 4140 Patrnm
777 4072 871 4141 effatu
882 4075 972 4141 nobis
988 4096 1051 4141 non
1067 4076 1145 4140 adeo
1161 4073 1376 4140 adversantur.
1393 4071 1449 4137 Sic

256 4200 285 4246 s.
301 4182 508 4270 Augustinus,
535 4183 589 4248 ubi
615 4203 827 4271 quoscumque
851 4184 1131 4272 interpretationes
1153 4183 1322 4250 verborum
1341 4181 1450 4262 blesis,

257 4292 424 4358 dummodo
441 4292 625 4378 interpretis
641 4293 798 4362 sententia
812 4295 945 4360 sit—vera
961 4300 993 4360 et
1009 4295 1071 4378 pia,
1088 4317 1151 4360 non
1166 4299 1286 4360 tantum
1302 4293 1449 4372 admittit,

256 4402 318 4466 sed
333 4404 366 4466 ct
381 4401 420 4466 ab
436 4411 567 4470 anctore
583 4403 743 4486 praevisas
758 4403 857 4468 luisse
873 4403 1005 4484 asserit,
1021 4423 1109 4468 suum
1124 4402 1306 4490 religiosum
1323 4401 1448 4486 opinio·

256 4528 341 4592 nem,
362 4529 426 4576 non
447 4516 552 4578 nutem
569 4511 732 4578 Ecclesiae
749 4512 924 4578 catholicae
940 4511 1116 4578 doctrinam
1135 4531 1314 4596 proponere
1330 4531 1368 4578 ee
1384 4529 1449 4574 ma-

256 4618 314 4709 sis
325 4622 501 4693 censendus
514 4626 575 4706 est,
581 4643 654 4691 cnm
664 4622 842 4712 nepueipse
854 4621 888 4694 in
898 4641 936 4693 ea
947 4621 1063 4694 tuenda
1070 4621 1195 4694 uncino
1206 4621 1269 4692 sibi
1279 4623 1405 4690 constet
1411 4609 1453 4706 ⁷).
