<?xml version="1.0" encoding="UTF-8"?>
<!DOCTYPE html PUBLIC "-//W3C//DTD XHTML 1.0 Transitional//EN"
    "http://www.w3.org/TR/xhtml1/DTD/xhtml1-transitional.dtd">
<html xmlns="http://www.w3.org/1999/xhtml" xml:lang="en" lang="en">
 <head>
  <title>
</title>
<meta http-equiv="Content-Type" content="text/html;charset=utf-8" />
  <meta name='ocr-system' content='tesseract 3.04.00' />
  <meta name='ocr-capabilities' content='ocr_page ocr_carea ocr_par ocr_line ocrx_word'/>
</head>
<body>
  <div class='ocr_page' id='page_1' title='image "./hermeneuticabib00kohlgoog_0164.png"; bbox 0 0 3120 5294; ppageno 0'>
   <div class='ocr_carea' id='block_1_1' title="bbox 1234 430 1312 506">
    <p class='ocr_par' dir='ltr' id='par_1_1' title="bbox 1234 430 1312 506">
     <span class='ocr_line' id='line_1_1' title="bbox 1234 430 1312 506; baseline -0.026 0"><span class='ocrx_word' id='word_1_1' title='bbox 1234 430 1312 506; x_wconf 78' lang='lat'><strong>137</strong></span> 
     </span>
    </p>
   </div>
   <div class='ocr_carea' id='block_1_2' title="bbox 99 607 1387 4382">
    <p class='ocr_par' dir='ltr' id='par_1_2' title="bbox 107 607 1311 889">
     <span class='ocr_line' id='line_1_2' title="bbox 107 607 1310 694; baseline -0.003 -20"><span class='ocrx_word' id='word_1_2' title='bbox 107 611 236 676; x_wconf 81' lang='lat' dir='ltr'><strong>iouendo</strong></span> <span class='ocrx_word' id='word_1_3' title='bbox 252 615 323 692; x_wconf 87' lang='lat' dir='ltr'><strong>est,</strong></span> <span class='ocrx_word' id='word_1_4' title='bbox 347 631 384 674; x_wconf 87' lang='lat' dir='ltr'><strong>ac</strong></span> <span class='ocrx_word' id='word_1_5' title='bbox 405 610 435 672; x_wconf 90' lang='lat' dir='ltr'><strong>si</strong></span> <span class='ocrx_word' id='word_1_6' title='bbox 450 607 534 674; x_wconf 85' lang='lat' dir='ltr'><strong>ultra</strong></span> <span class='ocrx_word' id='word_1_7' title='bbox 551 628 604 673; x_wconf 88' lang='lat' dir='ltr'><strong>eas</strong></span> <span class='ocrx_word' id='word_1_8' title='bbox 627 609 736 694; x_wconf 88' lang='lat' dir='ltr'><strong>egredi</strong></span> <span class='ocrx_word' id='word_1_9' title='bbox 763 629 826 672; x_wconf 93' lang='lat' dir='ltr'><strong>non</strong></span> <span class='ocrx_word' id='word_1_10' title='bbox 850 607 955 688; x_wconf 86' lang='lat' dir='ltr'><strong>liceat,</strong></span> <span class='ocrx_word' id='word_1_11' title='bbox 984 627 1077 692; x_wconf 91' lang='lat' dir='ltr'><strong>quum</strong></span> <span class='ocrx_word' id='word_1_12' title='bbox 1105 607 1235 690; x_wconf 87' lang='lat' dir='ltr'><strong>saepius</strong></span> <span class='ocrx_word' id='word_1_13' title='bbox 1260 628 1310 688; x_wconf 90' lang='lat' dir='ltr'><strong>ea,</strong></span> 
     </span>
     <span class='ocr_line' id='line_1_3' title="bbox 108 714 1311 802; baseline -0.002 -21"><span class='ocrx_word' id='word_1_14' title='bbox 108 739 196 802; x_wconf 89' lang='lat' dir='ltr'><strong>qnae</strong></span> <span class='ocrx_word' id='word_1_15' title='bbox 225 717 287 782; x_wconf 86' lang='lat' dir='ltr'><strong>sibi</strong></span> <span class='ocrx_word' id='word_1_16' title='bbox 315 717 417 782; x_wconf 90' lang='lat' dir='ltr'><strong>lucem</strong></span> <span class='ocrx_word' id='word_1_17' title='bbox 452 714 637 794; x_wconf 78' lang='lat' dir='ltr'><strong>effundunt,</strong></span> <span class='ocrx_word' id='word_1_18' title='bbox 672 735 692 778; x_wconf 93' lang='lat' dir='ltr'><strong>a</strong></span> <span class='ocrx_word' id='word_1_19' title='bbox 722 734 757 780; x_wconf 88' lang='lat' dir='ltr'><strong>se</strong></span> <span class='ocrx_word' id='word_1_20' title='bbox 786 715 917 781; x_wconf 88' lang='lat' dir='ltr'><strong>invicem</strong></span> <span class='ocrx_word' id='word_1_21' title='bbox 950 720 1072 780; x_wconf 87' lang='lat' dir='ltr'><strong>remota</strong></span> <span class='ocrx_word' id='word_1_22' title='bbox 1104 715 1311 780; x_wconf 85' lang='lat' dir='ltr'><strong>inveniantur.</strong></span> 
     </span>
     <span class='ocr_line' id='line_1_4' title="bbox 111 823 618 889; baseline -0.004 -2"><span class='ocrx_word' id='word_1_23' title='bbox 111 825 237 889; x_wconf 85' lang='lat' dir='ltr'><strong>indicia</strong></span> <span class='ocrx_word' id='word_1_24' title='bbox 254 843 350 888; x_wconf 86' lang='lat' dir='ltr'><strong>nexus</strong></span> <span class='ocrx_word' id='word_1_25' title='bbox 369 823 508 888; x_wconf 88' lang='lat' dir='ltr'><strong>certiora</strong></span> <span class='ocrx_word' id='word_1_26' title='bbox 524 829 618 886; x_wconf 88' lang='lat' dir='ltr'><strong>sunt:</strong></span> 
     </span>
    </p>

    <p class='ocr_par' dir='ltr' id='par_1_3' title="bbox 109 929 1311 1130">
     <span class='ocr_line' id='line_1_5' title="bbox 157 929 1311 1018; baseline -0.001 -20"><span class='ocrx_word' id='word_1_27' title='bbox 157 931 206 1015; x_wconf 81' lang='lat' dir='ltr'><strong>a)</strong></span> <span class='ocrx_word' id='word_1_28' title='bbox 231 933 396 1018; x_wconf 77' lang='lat' dir='ltr'><strong>Loquendi</strong></span> <span class='ocrx_word' id='word_1_29' title='bbox 411 932 580 1016; x_wconf 81' lang='lat' dir='ltr'><strong>formulae,</strong></span> <span class='ocrx_word' id='word_1_30' title='bbox 601 951 681 1017; x_wconf 89' lang='lat' dir='ltr'><strong>quae</strong></span> <span class='ocrx_word' id='word_1_31' title='bbox 698 930 838 1011; x_wconf 89' lang='lat' dir='ltr'><strong>initium,</strong></span> <span class='ocrx_word' id='word_1_32' title='bbox 865 931 1132 997; x_wconf 79' lang='lat' dir='ltr'><strong>continuationem</strong></span> <span class='ocrx_word' id='word_1_33' title='bbox 1148 936 1203 996; x_wconf 87' lang='lat' dir='ltr'><strong>aut</strong></span> <span class='ocrx_word' id='word_1_34' title='bbox 1216 929 1311 997; x_wconf 86' lang='lat' dir='ltr'><strong>tinem</strong></span> 
     </span>
     <span class='ocr_line' id='line_1_6' title="bbox 109 1033 483 1130; baseline -0.003 -24"><span class='ocrx_word' id='word_1_35' title='bbox 109 1041 272 1106; x_wconf 87' lang='lat' dir='ltr'><strong>orationis</strong></span> <span class='ocrx_word' id='word_1_36' title='bbox 293 1041 426 1105; x_wconf 92' lang='lat' dir='ltr'><strong>innuunt</strong></span> <span class='ocrx_word' id='word_1_37' title='bbox 439 1033 483 1130; x_wconf 82' lang='lat'><strong>¹).</strong></span> 
     </span>
    </p>

    <p class='ocr_par' dir='ltr' id='par_1_4' title="bbox 101 1147 1310 1997">
     <span class='ocr_line' id='line_1_7' title="bbox 154 1147 1309 1233; baseline 0 -21"><span class='ocrx_word' id='word_1_38' title='bbox 154 1149 197 1232; x_wconf 82' lang='lat' dir='ltr'><strong>b)</strong></span> <span class='ocrx_word' id='word_1_39' title='bbox 222 1147 334 1212; x_wconf 90' lang='lat' dir='ltr'><strong>Uuitas</strong></span> <span class='ocrx_word' id='word_1_40' title='bbox 350 1147 519 1233; x_wconf 93' lang='lat' dir='ltr'><strong>temporis,</strong></span> <span class='ocrx_word' id='word_1_41' title='bbox 542 1147 607 1210; x_wconf 89' lang='lat' dir='ltr'><strong>loci</strong></span> <span class='ocrx_word' id='word_1_42' title='bbox 629 1152 661 1211; x_wconf 89' lang='lat' dir='ltr'><strong>ct</strong></span> <span class='ocrx_word' id='word_1_43' title='bbox 682 1166 889 1231; x_wconf 90' lang='lat' dir='ltr'><strong>personarum</strong></span> <span class='ocrx_word' id='word_1_44' title='bbox 916 1150 980 1210; x_wconf 88' lang='lat' dir='ltr'><strong>tarn</strong></span> <span class='ocrx_word' id='word_1_45' title='bbox 1001 1147 1195 1232; x_wconf 87' lang='lat' dir='ltr'><strong>loquentium</strong></span> <span class='ocrx_word' id='word_1_46' title='bbox 1218 1169 1309 1232; x_wconf 87' lang='lat' dir='ltr'><strong>quarn</strong></span> 
     </span>
     <span class='ocr_line' id='line_1_8' title="bbox 103 1256 1310 1342; baseline 0 -22"><span class='ocrx_word' id='word_1_47' title='bbox 103 1278 245 1342; x_wconf 85' lang='lat' dir='ltr'><strong>earum,</strong></span> <span class='ocrx_word' id='word_1_48' title='bbox 267 1259 306 1321; x_wconf 94' lang='lat' dir='ltr'><strong>ad</strong></span> <span class='ocrx_word' id='word_1_49' title='bbox 323 1277 400 1342; x_wconf 89' lang='lat' dir='ltr'><strong>quas</strong></span> <span class='ocrx_word' id='word_1_50' title='bbox 417 1257 565 1342; x_wconf 82' lang='lat' dir='ltr'>dirigitur</span> <span class='ocrx_word' id='word_1_51' title='bbox 582 1257 695 1337; x_wconf 91' lang='lat' dir='ltr'><strong>oratio,</strong></span> <span class='ocrx_word' id='word_1_52' title='bbox 716 1278 785 1320; x_wconf 92' lang='lat' dir='ltr'><strong>cum</strong></span> <span class='ocrx_word' id='word_1_53' title='bbox 803 1256 931 1340; x_wconf 87' lang='lat' dir='ltr'><strong>quaevis</strong></span> <span class='ocrx_word' id='word_1_54' title='bbox 947 1257 1078 1321; x_wconf 92' lang='lat' dir='ltr'><strong>mutatio</strong></span> <span class='ocrx_word' id='word_1_55' title='bbox 1095 1257 1127 1320; x_wconf 91' lang='lat' dir='ltr'><strong>in</strong></span> <span class='ocrx_word' id='word_1_56' title='bbox 1142 1257 1310 1328; x_wconf 87' lang='lat' dir='ltr'><strong>his.omni-</strong></span> 
     </span>
     <span class='ocr_line' id='line_1_9' title="bbox 109 1365 1308 1449; baseline 0.001 -19"><span class='ocrx_word' id='word_1_57' title='bbox 109 1367 170 1430; x_wconf 84' lang='lat' dir='ltr'><strong>bus</strong></span> <span class='ocrx_word' id='word_1_58' title='bbox 196 1365 348 1432; x_wconf 91' lang='lat' dir='ltr'><strong>indicium</strong></span> <span class='ocrx_word' id='word_1_59' title='bbox 371 1385 441 1430; x_wconf 87' lang='lat' dir='ltr'><strong>csse</strong></span> <span class='ocrx_word' id='word_1_60' title='bbox 467 1365 584 1444; x_wconf 86' lang='lat' dir='ltr'><strong>soleat,</strong></span> <span class='ocrx_word' id='word_1_61' title='bbox 606 1387 669 1430; x_wconf 91' lang='lat' dir='ltr'><strong>non</strong></span> <span class='ocrx_word' id='word_1_62' title='bbox 693 1368 820 1430; x_wconf 85' lang='lat' dir='ltr'><strong>eandem</strong></span> <span class='ocrx_word' id='word_1_63' title='bbox 847 1365 979 1449; x_wconf 87' lang='lat' dir='ltr'><strong>amplius</strong></span> <span class='ocrx_word' id='word_1_64' title='bbox 1007 1366 1182 1430; x_wconf 90' lang='lat' dir='ltr'><strong>orationem</strong></span> <span class='ocrx_word' id='word_1_65' title='bbox 1203 1367 1308 1432; x_wconf 88' lang='lat' dir='ltr'><strong>conti-</strong></span> 
     </span>
     <span class='ocr_line' id='line_1_10' title="bbox 107 1471 1307 1562; baseline -0.001 -25"><span class='ocrx_word' id='word_1_66' title='bbox 107 1474 201 1538; x_wconf 85' lang='lat' dir='ltr'><strong>nuari</strong></span> <span class='ocrx_word' id='word_1_67' title='bbox 214 1471 260 1562; x_wconf 83' lang='lat'><strong>⁸).</strong></span> <span class='ocrx_word' id='word_1_68' title='bbox 296 1476 388 1554; x_wconf 77' lang='lat' dir='ltr'><strong>Quod</strong></span> <span class='ocrx_word' id='word_1_69' title='bbox 415 1479 518 1538; x_wconf 92' lang='lat' dir='ltr'><strong>tamen</strong></span> <span class='ocrx_word' id='word_1_70' title='bbox 546 1494 700 1559; x_wconf 77' lang='lat' dir='ltr'><strong>personas</strong></span> <span class='ocrx_word' id='word_1_71' title='bbox 722 1475 851 1554; x_wconf 77' lang='lat' dir='ltr'><strong>attinet,</strong></span> <span class='ocrx_word' id='word_1_72' title='bbox 882 1473 914 1536; x_wconf 95' lang='lat' dir='ltr'><strong>in</strong></span> <span class='ocrx_word' id='word_1_73' title='bbox 942 1473 1109 1558; x_wconf 81' lang='lat' dir='ltr'><strong>colloquiis</strong></span> <span class='ocrx_word' id='word_1_74' title='bbox 1134 1475 1307 1538; x_wconf 84' lang='lat' dir='ltr'><strong>mutatione</strong></span> 
     </span>
     <span class='ocr_line' id='line_1_11' title="bbox 107 1583 1308 1667; baseline 0 -21"><span class='ocrx_word' id='word_1_75' title='bbox 107 1601 269 1666; x_wconf 92' lang='lat' dir='ltr'><strong>personae</strong></span> <span class='ocrx_word' id='word_1_76' title='bbox 285 1583 444 1667; x_wconf 87' lang='lat' dir='ltr'><strong>loquentis</strong></span> <span class='ocrx_word' id='word_1_77' title='bbox 466 1603 563 1647; x_wconf 87' lang='lat' dir='ltr'><strong>nexus</strong></span> <span class='ocrx_word' id='word_1_78' title='bbox 588 1605 651 1646; x_wconf 93' lang='lat' dir='ltr'><strong>non</strong></span> <span class='ocrx_word' id='word_1_79' title='bbox 676 1603 800 1667; x_wconf 86' lang='lat' dir='ltr'><strong>semper</strong></span> <span class='ocrx_word' id='word_1_80' title='bbox 824 1583 950 1646; x_wconf 84' lang='lat' dir='ltr'><strong>tollitur</strong></span> <span class='ocrx_word' id='word_1_81' title='bbox 975 1583 1026 1647; x_wconf 91' lang='lat' dir='ltr'><strong>vel</strong></span> <span class='ocrx_word' id='word_1_82' title='bbox 1058 1583 1308 1666; x_wconf 79' lang='lat' dir='ltr'><strong>interrumpitur,</strong></span> 
     </span>
     <span class='ocr_line' id='line_1_12' title="bbox 106 1691 1308 1778; baseline 0.002 -25"><span class='ocrx_word' id='word_1_83' title='bbox 106 1691 169 1755; x_wconf 91' lang='lat' dir='ltr'><strong>imo</strong></span> <span class='ocrx_word' id='word_1_84' title='bbox 188 1711 273 1754; x_wconf 92' lang='lat' dir='ltr'><strong>unns</strong></span> <span class='ocrx_word' id='word_1_85' title='bbox 290 1712 415 1776; x_wconf 88' lang='lat' dir='ltr'><strong>quoque</strong></span> <span class='ocrx_word' id='word_1_86' title='bbox 438 1691 583 1775; x_wconf 81' lang='lat' dir='ltr'><strong>idemque</strong></span> <span class='ocrx_word' id='word_1_87' title='bbox 600 1711 704 1756; x_wconf 87' lang='lat' dir='ltr'><strong>sermo</strong></span> <span class='ocrx_word' id='word_1_88' title='bbox 723 1695 762 1756; x_wconf 86' lang='lat' dir='ltr'><strong>ad</strong></span> <span class='ocrx_word' id='word_1_89' title='bbox 778 1691 921 1756; x_wconf 88' lang='lat' dir='ltr'><strong>diversos</strong></span> <span class='ocrx_word' id='word_1_90' title='bbox 938 1692 1099 1755; x_wconf 88' lang='lat' dir='ltr'><strong>auditores</strong></span> <span class='ocrx_word' id='word_1_91' title='bbox 1128 1691 1222 1778; x_wconf 82' lang='lat' dir='ltr'><strong>dirigi</strong></span> <span class='ocrx_word' id='word_1_92' title='bbox 1248 1712 1308 1774; x_wconf 92' lang='lat' dir='ltr'><strong>po-</strong></span> 
     </span>
     <span class='ocr_line' id='line_1_13' title="bbox 107 1799 1308 1885; baseline 0.001 -23"><span class='ocrx_word' id='word_1_93' title='bbox 107 1804 190 1882; x_wconf 87' lang='lat' dir='ltr'><strong>test,</strong></span> <span class='ocrx_word' id='word_1_94' title='bbox 215 1800 265 1864; x_wconf 88' lang='lat' dir='ltr'><strong>ita</strong></span> <span class='ocrx_word' id='word_1_95' title='bbox 280 1805 315 1864; x_wconf 91' lang='lat' dir='ltr'><strong>ut</strong></span> <span class='ocrx_word' id='word_1_96' title='bbox 332 1799 411 1866; x_wconf 91' lang='lat' dir='ltr'><strong>aliae</strong></span> <span class='ocrx_word' id='word_1_97' title='bbox 427 1820 592 1882; x_wconf 88' lang='lat' dir='ltr'><strong>personae,</strong></span> <span class='ocrx_word' id='word_1_98' title='bbox 609 1801 648 1865; x_wconf 92' lang='lat' dir='ltr'><strong>ad</strong></span> <span class='ocrx_word' id='word_1_99' title='bbox 669 1820 745 1885; x_wconf 90' lang='lat' dir='ltr'><strong>quas</strong></span> <span class='ocrx_word' id='word_1_100' title='bbox 763 1800 865 1864; x_wconf 89' lang='lat' dir='ltr'><strong>oratio</strong></span> <span class='ocrx_word' id='word_1_101' title='bbox 883 1799 1088 1879; x_wconf 86' lang='lat' dir='ltr'><strong>convertitur,</strong></span> <span class='ocrx_word' id='word_1_102' title='bbox 1105 1821 1167 1864; x_wconf 93' lang='lat' dir='ltr'><strong>non</strong></span> <span class='ocrx_word' id='word_1_103' title='bbox 1183 1819 1308 1882; x_wconf 90' lang='lat' dir='ltr'><strong>semper</strong></span> 
     </span>
     <span class='ocr_line' id='line_1_14' title="bbox 101 1907 814 1997; baseline 0 -25"><span class='ocrx_word' id='word_1_104' title='bbox 101 1914 239 1974; x_wconf 87' lang='lat' dir='ltr'><strong>certum</strong></span> <span class='ocrx_word' id='word_1_105' title='bbox 256 1908 405 1972; x_wconf 89' lang='lat' dir='ltr'><strong>indicium</strong></span> <span class='ocrx_word' id='word_1_106' title='bbox 427 1908 508 1972; x_wconf 85' lang='lat' dir='ltr'><strong>alius</strong></span> <span class='ocrx_word' id='word_1_107' title='bbox 525 1908 679 1972; x_wconf 87' lang='lat' dir='ltr'><strong>orationis</strong></span> <span class='ocrx_word' id='word_1_108' title='bbox 694 1909 758 1972; x_wconf 93' lang='lat' dir='ltr'><strong>siut</strong></span> <span class='ocrx_word' id='word_1_109' title='bbox 770 1907 814 1997; x_wconf 65' lang='grc' dir='ltr'><strong>Ι“).</strong></span> 
     </span>
    </p>

    <p class='ocr_par' dir='ltr' id='par_1_5' title="bbox 99 2015 1307 2323">
     <span class='ocr_line' id='line_1_15' title="bbox 99 2015 1307 2104; baseline -0.001 -23"><span class='ocrx_word' id='word_1_110' title='bbox 99 2049 102 2054; x_wconf 90' lang='grc'><strong><em>·</em></strong></span> <span class='ocrx_word' id='word_1_111' title='bbox 157 2018 197 2102; x_wconf 84' lang='lat' dir='ltr'><strong>c)</strong></span> <span class='ocrx_word' id='word_1_112' title='bbox 223 2015 371 2100; x_wconf 83' lang='lat' dir='ltr'><strong>Denique</strong></span> <span class='ocrx_word' id='word_1_113' title='bbox 387 2017 489 2099; x_wconf 86' lang='lat' dir='ltr'><strong>ipsum</strong></span> <span class='ocrx_word' id='word_1_114' title='bbox 509 2016 673 2096; x_wconf 86' lang='lat' dir='ltr'><strong>orationis,</strong></span> <span class='ocrx_word' id='word_1_115' title='bbox 690 2017 729 2080; x_wconf 94' lang='lat' dir='ltr'><strong>de</strong></span> <span class='ocrx_word' id='word_1_116' title='bbox 747 2037 808 2102; x_wconf 89' lang='lat' dir='ltr'><strong>qua</strong></span> <span class='ocrx_word' id='word_1_117' title='bbox 823 2017 937 2103; x_wconf 89' lang='lat' dir='ltr'><strong>agitur,</strong></span> <span class='ocrx_word' id='word_1_118' title='bbox 954 2021 1169 2104; x_wconf 71' lang='lat' dir='ltr'><strong>argumentum</strong></span> <span class='ocrx_word' id='word_1_119' title='bbox 1185 2017 1217 2079; x_wconf 93' lang='lat' dir='ltr'><strong>in</strong></span> <span class='ocrx_word' id='word_1_120' title='bbox 1233 2037 1307 2080; x_wconf 89' lang='lat' dir='ltr'><strong>suas</strong></span> 
     </span>
     <span class='ocr_line' id='line_1_16' title="bbox 103 2124 1306 2212; baseline 0.003 -24"><span class='ocrx_word' id='word_1_121' title='bbox 103 2131 210 2210; x_wconf 88' lang='lat' dir='ltr'><strong>partes</strong></span> <span class='ocrx_word' id='word_1_122' title='bbox 226 2125 451 2190; x_wconf 86' lang='lat' dir='ltr'><strong>resolvendum</strong></span> <span class='ocrx_word' id='word_1_123' title='bbox 470 2130 537 2205; x_wconf 90' lang='lat' dir='ltr'><strong>cst,</strong></span> <span class='ocrx_word' id='word_1_124' title='bbox 553 2129 588 2190; x_wconf 88' lang='lat' dir='ltr'><strong>ut</strong></span> <span class='ocrx_word' id='word_1_125' title='bbox 603 2125 676 2189; x_wconf 90' lang='lat' dir='ltr'><strong>inde</strong></span> <span class='ocrx_word' id='word_1_126' title='bbox 692 2124 893 2210; x_wconf 89' lang='lat' dir='ltr'><strong>dijudicetur,</strong></span> <span class='ocrx_word' id='word_1_127' title='bbox 922 2147 1001 2212; x_wconf 84' lang='lat' dir='ltr'><strong>qnae</strong></span> <span class='ocrx_word' id='word_1_128' title='bbox 1026 2125 1110 2190; x_wconf 87' lang='lat' dir='ltr'><strong>inter</strong></span> <span class='ocrx_word' id='word_1_129' title='bbox 1131 2147 1168 2191; x_wconf 89' lang='lat' dir='ltr'><strong>se</strong></span> <span class='ocrx_word' id='word_1_130' title='bbox 1190 2147 1306 2192; x_wconf 90' lang='lat' dir='ltr'><strong>conve-</strong></span> 
     </span>
     <span class='ocr_line' id='line_1_17' title="bbox 106 2231 1138 2323; baseline 0.003 -28"><span class='ocrx_word' id='word_1_131' title='bbox 106 2233 193 2298; x_wconf 88' lang='lat' dir='ltr'><strong>niant</strong></span> <span class='ocrx_word' id='word_1_132' title='bbox 211 2241 245 2299; x_wconf 88' lang='lat' dir='ltr'><strong>et</strong></span> <span class='ocrx_word' id='word_1_133' title='bbox 264 2240 502 2315; x_wconf 89' lang='lat' dir='ltr'><strong>connectantur,</strong></span> <span class='ocrx_word' id='word_1_134' title='bbox 518 2240 573 2298; x_wconf 89' lang='lat' dir='ltr'><strong>ant</strong></span> <span class='ocrx_word' id='word_1_135' title='bbox 589 2234 824 2300; x_wconf 82' lang='lat' dir='ltr'><strong>disconveniant</strong></span> <span class='ocrx_word' id='word_1_136' title='bbox 842 2241 873 2300; x_wconf 90' lang='lat' dir='ltr'><strong>et</strong></span> <span class='ocrx_word' id='word_1_137' title='bbox 890 2241 1078 2320; x_wconf 88' lang='lat' dir='ltr'><strong>separentur</strong></span> <span class='ocrx_word' id='word_1_138' title='bbox 1094 2231 1138 2323; x_wconf 80' lang='lat'><strong>⁵).</strong></span> 
     </span>
    </p>

    <p class='ocr_par' dir='ltr' id='par_1_6' title="bbox 196 2333 1304 2430">
     <span class='ocr_line' id='line_1_18' title="bbox 196 2333 1304 2430; baseline -0.001 -24"><span class='ocrx_word' id='word_1_139' title='bbox 196 2343 294 2422; x_wconf 78' lang='lat' dir='ltr'><strong>Quod</strong></span> <span class='ocrx_word' id='word_1_140' title='bbox 310 2343 382 2406; x_wconf 90' lang='lat' dir='ltr'><strong>dein</strong></span> <span class='ocrx_word' id='word_1_141' title='bbox 397 2364 510 2410; x_wconf 75' lang='lat' dir='ltr'><strong>nemus</strong></span> <span class='ocrx_word' id='word_1_142' title='bbox 532 2348 696 2410; x_wconf 82' lang='lat' dir='ltr'><strong>rationem</strong></span> <span class='ocrx_word' id='word_1_143' title='bbox 718 2344 841 2424; x_wconf 84' lang='lat' dir='ltr'><strong>attinet,</strong></span> <span class='ocrx_word' id='word_1_144' title='bbox 866 2346 927 2408; x_wconf 92' lang='lat' dir='ltr'><strong>dno</strong></span> <span class='ocrx_word' id='word_1_145' title='bbox 947 2333 1080 2428; x_wconf 83' lang='lat' dir='ltr'><strong>possunt</strong></span> <span class='ocrx_word' id='word_1_146' title='bbox 1096 2343 1304 2430; x_wconf 88' lang='lat' dir='ltr'><strong>interrogari:</strong></span> 
     </span>
    </p>

    <p class='ocr_par' dir='ltr' id='par_1_7' title="bbox 105 2451 1305 3402">
     <span class='ocr_line' id='line_1_19' title="bbox 199 2451 1305 2536; baseline -0.005 -18"><span class='ocrx_word' id='word_1_147' title='bbox 199 2456 231 2518; x_wconf 91' lang='lat'><strong>1.</strong></span> <span class='ocrx_word' id='word_1_148' title='bbox 257 2451 351 2530; x_wconf 76' lang='lat' dir='ltr'><strong>Quod</strong></span> <span class='ocrx_word' id='word_1_149' title='bbox 368 2456 534 2516; x_wconf 84' lang='lat' dir='ltr'><strong>contextos</strong></span> <span class='ocrx_word' id='word_1_150' title='bbox 548 2473 656 2536; x_wconf 77' lang='lat' dir='ltr'><strong>persua</strong></span> <span class='ocrx_word' id='word_1_151' title='bbox 672 2453 838 2516; x_wconf 76' lang='lat' dir='ltr'><strong>obtineat?</strong></span> <span class='ocrx_word' id='word_1_152' title='bbox 861 2458 967 2527; x_wconf 89' lang='lat' dir='ltr'><strong>utrum</strong></span> <span class='ocrx_word' id='word_1_153' title='bbox 994 2473 1091 2516; x_wconf 84' lang='lat' dir='ltr'><strong>nexus</strong></span> <span class='ocrx_word' id='word_1_154' title='bbox 1119 2452 1162 2516; x_wconf 85' lang='lat' dir='ltr'><strong>sit</strong></span> <span class='ocrx_word' id='word_1_155' title='bbox 1182 2451 1305 2536; x_wconf 87' lang='lat' dir='ltr'><strong>logicus</strong></span> 
     </span>
     <span class='ocr_line' id='line_1_20' title="bbox 112 2559 1305 2648; baseline 0.002 -26"><span class='ocrx_word' id='word_1_156' title='bbox 112 2565 150 2622; x_wconf 87' lang='lat' dir='ltr'><strong>an</strong></span> <span class='ocrx_word' id='word_1_157' title='bbox 164 2559 432 2646; x_wconf 87' lang='lat' dir='ltr'><strong>psychologicus,</strong></span> <span class='ocrx_word' id='word_1_158' title='bbox 457 2559 629 2625; x_wconf 88' lang='lat' dir='ltr'><strong>historicus</strong></span> <span class='ocrx_word' id='word_1_159' title='bbox 646 2581 685 2625; x_wconf 88' lang='lat' dir='ltr'><strong>an</strong></span> <span class='ocrx_word' id='word_1_160' title='bbox 700 2561 1083 2648; x_wconf 87' lang='lat' dir='ltr'><strong>historico-dogmaticus,</strong></span> <span class='ocrx_word' id='word_1_161' title='bbox 1099 2581 1139 2623; x_wconf 86' lang='lat' dir='ltr'><strong>an</strong></span> <span class='ocrx_word' id='word_1_162' title='bbox 1156 2561 1305 2646; x_wconf 77' lang='lat' dir='ltr'><strong>opticus?</strong></span> 
     </span>
     <span class='ocr_line' id='line_1_21' title="bbox 109 2668 1304 2756; baseline 0.002 -26"><span class='ocrx_word' id='word_1_163' title='bbox 109 2669 156 2730; x_wconf 76' lang='lat' dir='ltr'><strong>dd</strong></span> <span class='ocrx_word' id='word_1_164' title='bbox 181 2670 268 2753; x_wconf 92' lang='lat' dir='ltr'><strong>qnod</strong></span> <span class='ocrx_word' id='word_1_165' title='bbox 296 2668 523 2752; x_wconf 90' lang='lat' dir='ltr'><strong>dispiciendum</strong></span> <span class='ocrx_word' id='word_1_166' title='bbox 554 2671 746 2754; x_wconf 88' lang='lat' dir='ltr'><strong>aliquantum</strong></span> <span class='ocrx_word' id='word_1_167' title='bbox 777 2671 950 2756; x_wconf 84' lang='lat' dir='ltr'><strong>particulae</strong></span> <span class='ocrx_word' id='word_1_168' title='bbox 981 2669 1139 2750; x_wconf 91' lang='lat' dir='ltr'><strong>serviunt,</strong></span> <span class='ocrx_word' id='word_1_169' title='bbox 1173 2669 1304 2733; x_wconf 92' lang='lat' dir='ltr'><strong>multum</strong></span> 
     </span>
     <span class='ocr_line' id='line_1_22' title="bbox 109 2776 1305 2864; baseline 0 -25"><span class='ocrx_word' id='word_1_170' title='bbox 109 2779 210 2841; x_wconf 89' lang='lat' dir='ltr'><strong>tamen</strong></span> <span class='ocrx_word' id='word_1_171' title='bbox 226 2777 381 2862; x_wconf 86' lang='lat' dir='ltr'><strong>praesidii</strong></span> <span class='ocrx_word' id='word_1_172' title='bbox 397 2801 459 2842; x_wconf 92' lang='lat' dir='ltr'><strong>non</strong></span> <span class='ocrx_word' id='word_1_173' title='bbox 475 2785 659 2862; x_wconf 87' lang='lat' dir='ltr'><strong>praestant,</strong></span> <span class='ocrx_word' id='word_1_174' title='bbox 684 2779 772 2864; x_wconf 87' lang='lat' dir='ltr'><strong>quia,</strong></span> <span class='ocrx_word' id='word_1_175' title='bbox 796 2785 830 2844; x_wconf 92' lang='lat' dir='ltr'><strong>nt</strong></span> <span class='ocrx_word' id='word_1_176' title='bbox 846 2779 1039 2858; x_wconf 88' lang='lat' dir='ltr'><strong>monuimus,</strong></span> <span class='ocrx_word' id='word_1_177' title='bbox 1058 2797 1164 2841; x_wconf 85' lang='lat' dir='ltr'><strong>earnm</strong></span> <span class='ocrx_word' id='word_1_178' title='bbox 1180 2796 1255 2841; x_wconf 85' lang='lat' dir='ltr'><strong>usus</strong></span> <span class='ocrx_word' id='word_1_179' title='bbox 1272 2776 1305 2839; x_wconf 92' lang='lat' dir='ltr'><strong>in</strong></span> 
     </span>
     <span class='ocr_line' id='line_1_23' title="bbox 110 2883 1305 2973; baseline -0.001 -26"><span class='ocrx_word' id='word_1_180' title='bbox 110 2887 207 2948; x_wconf 86' lang='lat' dir='ltr'><strong>sacris</strong></span> <span class='ocrx_word' id='word_1_181' title='bbox 226 2885 334 2950; x_wconf 88' lang='lat' dir='ltr'><strong>literis</strong></span> <span class='ocrx_word' id='word_1_182' title='bbox 349 2907 500 2971; x_wconf 88' lang='lat' dir='ltr'><strong>perquam</strong></span> <span class='ocrx_word' id='word_1_183' title='bbox 515 2907 612 2973; x_wconf 89' lang='lat' dir='ltr'><strong>vagus</strong></span> <span class='ocrx_word' id='word_1_184' title='bbox 637 2893 697 2952; x_wconf 90' lang='lat' dir='ltr'><strong>est.</strong></span> <span class='ocrx_word' id='word_1_185' title='bbox 719 2887 820 2972; x_wconf 87' lang='lat' dir='ltr'><strong>Magis</strong></span> <span class='ocrx_word' id='word_1_186' title='bbox 840 2887 1061 2950; x_wconf 91' lang='lat' dir='ltr'><strong>attendendum</strong></span> <span class='ocrx_word' id='word_1_187' title='bbox 1078 2888 1182 2950; x_wconf 87' lang='lat' dir='ltr'><strong>estad</strong></span> <span class='ocrx_word' id='word_1_188' title='bbox 1199 2883 1305 2949; x_wconf 92' lang='lat' dir='ltr'><strong>notio-</strong></span> 
     </span>
     <span class='ocr_line' id='line_1_24' title="bbox 110 2994 1305 3080; baseline 0 -26"><span class='ocrx_word' id='word_1_189' title='bbox 110 3012 164 3055; x_wconf 87' lang='lat' dir='ltr'><strong>nes</strong></span> <span class='ocrx_word' id='word_1_190' title='bbox 179 3013 216 3057; x_wconf 91' lang='lat' dir='ltr'><strong>ac</strong></span> <span class='ocrx_word' id='word_1_191' title='bbox 232 2995 408 3058; x_wconf 87' lang='lat' dir='ltr'><strong>sententias</strong></span> <span class='ocrx_word' id='word_1_192' title='bbox 424 3014 496 3060; x_wconf 88' lang='lat' dir='ltr'><strong>sese</strong></span> <span class='ocrx_word' id='word_1_193' title='bbox 511 2995 713 3080; x_wconf 83' lang='lat' dir='ltr'><strong>excipientes,</strong></span> <span class='ocrx_word' id='word_1_194' title='bbox 729 3000 883 3058; x_wconf 81' lang='lat' dir='ltr'><strong>uteorum</strong></span> <span class='ocrx_word' id='word_1_195' title='bbox 901 2994 1153 3059; x_wconf 86' lang='lat' dir='ltr'><strong>consideratione</strong></span> <span class='ocrx_word' id='word_1_196' title='bbox 1170 2997 1202 3056; x_wconf 93' lang='lat' dir='ltr'><strong>et</strong></span> <span class='ocrx_word' id='word_1_197' title='bbox 1218 3013 1305 3056; x_wconf 91' lang='lat' dir='ltr'><strong>com-</strong></span> 
     </span>
     <span class='ocr_line' id='line_1_25' title="bbox 105 3101 1304 3188; baseline 0 -26"><span class='ocrx_word' id='word_1_198' title='bbox 105 3102 275 3181; x_wconf 88' lang='lat' dir='ltr'><strong>paratione</strong></span> <span class='ocrx_word' id='word_1_199' title='bbox 292 3108 505 3188; x_wconf 78' lang='lat' dir='ltr'><strong>cognoscatur</strong></span> <span class='ocrx_word' id='word_1_200' title='bbox 520 3103 659 3188; x_wconf 83' lang='lat' dir='ltr'><strong>ipsarum</strong></span> <span class='ocrx_word' id='word_1_201' title='bbox 687 3102 811 3182; x_wconf 87' lang='lat' dir='ltr'><strong>relatio,</strong></span> <span class='ocrx_word' id='word_1_202' title='bbox 834 3102 969 3187; x_wconf 89' lang='lat' dir='ltr'><strong>indeque</strong></span> <span class='ocrx_word' id='word_1_203' title='bbox 985 3101 1173 3188; x_wconf 81' lang='lat' dir='ltr'><strong>colligatur,</strong></span> <span class='ocrx_word' id='word_1_204' title='bbox 1198 3105 1304 3163; x_wconf 90' lang='lat' dir='ltr'><strong>utrum</strong></span> 
     </span>
     <span class='ocr_line' id='line_1_26' title="bbox 110 3209 1305 3296; baseline 0.001 -27"><span class='ocrx_word' id='word_1_205' title='bbox 110 3209 286 3273; x_wconf 87' lang='lat' dir='ltr'><strong>rationibus</strong></span> <span class='ocrx_word' id='word_1_206' title='bbox 315 3210 451 3295; x_wconf 86' lang='lat' dir='ltr'><strong>logicis,</strong></span> <span class='ocrx_word' id='word_1_207' title='bbox 479 3232 518 3274; x_wconf 90' lang='lat' dir='ltr'><strong>an</strong></span> <span class='ocrx_word' id='word_1_208' title='bbox 540 3211 664 3296; x_wconf 88' lang='lat' dir='ltr'><strong>legibus</strong></span> <span class='ocrx_word' id='word_1_209' title='bbox 686 3209 910 3274; x_wconf 87' lang='lat' dir='ltr'><strong>adsociationis</strong></span> <span class='ocrx_word' id='word_1_210' title='bbox 938 3210 1092 3288; x_wconf 89' lang='lat' dir='ltr'><strong>idearum,</strong></span> <span class='ocrx_word' id='word_1_211' title='bbox 1121 3209 1305 3272; x_wconf 86' lang='lat' dir='ltr'><strong>succesione</strong></span> 
     </span>
     <span class='ocr_line' id='line_1_27' title="bbox 115 3312 1192 3402; baseline 0.004 -26"><span class='ocrx_word' id='word_1_212' title='bbox 115 3321 280 3382; x_wconf 87' lang='lat' dir='ltr'><strong>eventuum</strong></span> <span class='ocrx_word' id='word_1_213' title='bbox 295 3319 464 3399; x_wconf 85' lang='lat' dir='ltr'><strong>historica,</strong></span> <span class='ocrx_word' id='word_1_214' title='bbox 489 3341 528 3384; x_wconf 87' lang='lat' dir='ltr'><strong>un</strong></span> <span class='ocrx_word' id='word_1_215' title='bbox 543 3325 715 3402; x_wconf 91' lang='lat' dir='ltr'><strong>prospectu</strong></span> <span class='ocrx_word' id='word_1_216' title='bbox 729 3318 916 3402; x_wconf 84' lang='lat' dir='ltr'><strong>prophetico</strong></span> <span class='ocrx_word' id='word_1_217' title='bbox 934 3320 1121 3383; x_wconf 87' lang='lat' dir='ltr'><strong>cohaereant</strong></span> <span class='ocrx_word' id='word_1_218' title='bbox 1138 3312 1192 3402; x_wconf 62' lang='grc' dir='ltr'><strong>Ὗ.)</strong></span> 
     </span>
    </p>

    <p class='ocr_par' dir='ltr' id='par_1_8' title="bbox 106 3425 1303 3818">
     <span class='ocr_line' id='line_1_28' title="bbox 199 3425 1303 3512; baseline -0.002 -22"><span class='ocrx_word' id='word_1_219' title='bbox 199 3429 232 3490; x_wconf 80' lang='lat'><strong>2.</strong></span> <span class='ocrx_word' id='word_1_220' title='bbox 257 3427 447 3512; x_wconf 86' lang='lat' dir='ltr'><strong>Interpretis</strong></span> <span class='ocrx_word' id='word_1_221' title='bbox 465 3435 524 3508; x_wconf 87' lang='lat' dir='ltr'><strong>est,</strong></span> <span class='ocrx_word' id='word_1_222' title='bbox 546 3430 692 3512; x_wconf 76' lang='lat' dir='ltr'><strong>pradum</strong></span> <span class='ocrx_word' id='word_1_223' title='bbox 708 3447 804 3490; x_wconf 84' lang='lat' dir='ltr'><strong>nexus</strong></span> <span class='ocrx_word' id='word_1_224' title='bbox 821 3427 1001 3510; x_wconf 85' lang='lat' dir='ltr'><strong>explorare,</strong></span> <span class='ocrx_word' id='word_1_225' title='bbox 1018 3425 1050 3490; x_wconf 94' lang='lat' dir='ltr'><strong>id</strong></span> <span class='ocrx_word' id='word_1_226' title='bbox 1068 3431 1126 3502; x_wconf 89' lang='lat' dir='ltr'><strong>est,</strong></span> <span class='ocrx_word' id='word_1_227' title='bbox 1144 3425 1303 3508; x_wconf 87' lang='lat' dir='ltr'><strong>inquirere</strong></span> 
     </span>
     <span class='ocr_line' id='line_1_29' title="bbox 111 3533 1303 3622; baseline 0.002 -28"><span class='ocrx_word' id='word_1_228' title='bbox 111 3535 143 3594; x_wconf 86' lang='lat' dir='ltr'><strong>et</strong></span> <span class='ocrx_word' id='word_1_229' title='bbox 158 3533 343 3616; x_wconf 88' lang='lat' dir='ltr'><strong>dijudicare,</strong></span> <span class='ocrx_word' id='word_1_230' title='bbox 362 3542 467 3600; x_wconf 88' lang='lat' dir='ltr'><strong>utrum</strong></span> <span class='ocrx_word' id='word_1_231' title='bbox 483 3537 516 3599; x_wconf 94' lang='lat' dir='ltr'><strong>in</strong></span> <span class='ocrx_word' id='word_1_232' title='bbox 531 3537 623 3616; x_wconf 89' lang='lat' dir='ltr'><strong>locis,</strong></span> <span class='ocrx_word' id='word_1_233' title='bbox 639 3539 678 3601; x_wconf 89' lang='lat' dir='ltr'><strong>de</strong></span> <span class='ocrx_word' id='word_1_234' title='bbox 695 3557 828 3622; x_wconf 87' lang='lat' dir='ltr'><strong>quorum</strong></span> <span class='ocrx_word' id='word_1_235' title='bbox 844 3535 1052 3620; x_wconf 86' lang='lat' dir='ltr'><strong>explicatione</strong></span> <span class='ocrx_word' id='word_1_236' title='bbox 1062 3533 1176 3619; x_wconf 89' lang='lat' dir='ltr'><strong>agitur,</strong></span> <span class='ocrx_word' id='word_1_237' title='bbox 1193 3553 1303 3596; x_wconf 88' lang='lat' dir='ltr'><strong>essen·</strong></span> 
     </span>
     <span class='ocr_line' id='line_1_30' title="bbox 106 3637 1303 3730; baseline 0.005 -30"><span class='ocrx_word' id='word_1_238' title='bbox 106 3637 193 3704; x_wconf 85' lang='lat' dir='ltr'><strong>tialis</strong></span> <span class='ocrx_word' id='word_1_239' title='bbox 208 3644 259 3706; x_wconf 87' lang='lat' dir='ltr'><strong>vei</strong></span> <span class='ocrx_word' id='word_1_240' title='bbox 286 3643 506 3725; x_wconf 87' lang='lat' dir='ltr'><strong>accidentalis,</strong></span> <span class='ocrx_word' id='word_1_241' title='bbox 530 3644 696 3730; x_wconf 81' lang='lat' dir='ltr'><strong>augustior</strong></span> <span class='ocrx_word' id='word_1_242' title='bbox 718 3645 768 3709; x_wconf 91' lang='lat' dir='ltr'><strong>vel</strong></span> <span class='ocrx_word' id='word_1_243' title='bbox 787 3645 894 3723; x_wconf 89' lang='lat' dir='ltr'><strong>latior,</strong></span> <span class='ocrx_word' id='word_1_244' title='bbox 921 3643 1056 3707; x_wconf 91' lang='lat' dir='ltr'><strong>vicinior</strong></span> <span class='ocrx_word' id='word_1_245' title='bbox 1075 3643 1127 3706; x_wconf 92' lang='lat' dir='ltr'><strong>vel</strong></span> <span class='ocrx_word' id='word_1_246' title='bbox 1148 3641 1303 3707; x_wconf 87' lang='lat' dir='ltr'><strong>remotior</strong></span> 
     </span>
     <span class='ocr_line' id='line_1_31' title="bbox 109 3751 920 3818; baseline 0.007 -10"><span class='ocrx_word' id='word_1_247' title='bbox 109 3767 203 3812; x_wconf 87' lang='lat' dir='ltr'><strong>nexus</strong></span> <span class='ocrx_word' id='word_1_248' title='bbox 215 3751 320 3815; x_wconf 90' lang='lat' dir='ltr'><strong>locum</strong></span> <span class='ocrx_word' id='word_1_249' title='bbox 337 3753 473 3818; x_wconf 76' lang='lat' dir='ltr'><strong>habeat?</strong></span> <span class='ocrx_word' id='word_1_250' title='bbox 496 3755 634 3818; x_wconf 84' lang='lat' dir='ltr'><strong>Gradum</strong></span> <span class='ocrx_word' id='word_1_251' title='bbox 649 3775 747 3818; x_wconf 89' lang='lat' dir='ltr'><strong>nexus</strong></span> <span class='ocrx_word' id='word_1_252' title='bbox 764 3754 920 3818; x_wconf 90' lang='lat' dir='ltr'><strong>indicant:</strong></span> 
     </span>
    </p>

    <p class='ocr_par' dir='ltr' id='par_1_9' title="bbox 105 3845 1300 4059">
     <span class='ocr_line' id='line_1_32' title="bbox 105 3845 1300 3949; baseline 0.001 -28"><span class='ocrx_word' id='word_1_253' title='bbox 105 3845 111 3944; x_wconf 41' lang='lat' dir='ltr'>f</span> <span class='ocrx_word' id='word_1_254' title='bbox 154 3859 195 3941; x_wconf 86' lang='lat' dir='ltr'><strong>a)</strong></span> <span class='ocrx_word' id='word_1_255' title='bbox 211 3859 307 3924; x_wconf 86' lang='lat' dir='ltr'><strong>Ratio</strong></span> <span class='ocrx_word' id='word_1_256' title='bbox 316 3863 530 3946; x_wconf 89' lang='lat' dir='ltr'><strong>grammatica,</strong></span> <span class='ocrx_word' id='word_1_257' title='bbox 544 3884 606 3947; x_wconf 92' lang='lat' dir='ltr'><strong>qua</strong></span> <span class='ocrx_word' id='word_1_258' title='bbox 620 3863 779 3949; x_wconf 89' lang='lat' dir='ltr'><strong>interpres</strong></span> <span class='ocrx_word' id='word_1_259' title='bbox 795 3863 827 3927; x_wconf 87' lang='lat' dir='ltr'><strong>in</strong></span> <span class='ocrx_word' id='word_1_260' title='bbox 845 3861 1064 3948; x_wconf 88' lang='lat' dir='ltr'><strong>cognoscendo</strong></span> <span class='ocrx_word' id='word_1_261' title='bbox 1081 3881 1178 3924; x_wconf 81' lang='lat' dir='ltr'><strong>nexus</strong></span> <span class='ocrx_word' id='word_1_262' title='bbox 1189 3862 1300 3946; x_wconf 91' lang='lat' dir='ltr'><strong>gradu,</strong></span> 
     </span>
     <span class='ocr_line' id='line_1_33' title="bbox 110 3964 545 4059; baseline 0.032 -36"><span class='ocrx_word' id='word_1_263' title='bbox 110 3964 196 4028; x_wconf 92' lang='lat' dir='ltr'><strong>vario</strong></span> <span class='ocrx_word' id='word_1_264' title='bbox 217 3971 310 4032; x_wconf 91' lang='lat' dir='ltr'><strong>modo</strong></span> <span class='ocrx_word' id='word_1_265' title='bbox 328 3969 493 4053; x_wconf 86' lang='lat' dir='ltr'><strong>adjuvatur</strong></span> <span class='ocrx_word' id='word_1_266' title='bbox 501 3972 545 4059; x_wconf 73' lang='grc'><strong>7).</strong></span> 
     </span>
    </p>

    <p class='ocr_par' dir='ltr' id='par_1_10' title="bbox 106 4073 1387 4382">
     <span class='ocr_line' id='line_1_34' title="bbox 106 4073 1387 4166; baseline 0.004 -32"><span class='ocrx_word' id='word_1_267' title='bbox 106 4123 109 4131; x_wconf 72' lang='grc'><strong><em>,</em></strong></span> <span class='ocrx_word' id='word_1_268' title='bbox 153 4073 423 4162; x_wconf 75' lang='lat' dir='ltr'><strong>dJPareutheses</strong></span> <span class='ocrx_word' id='word_1_269' title='bbox 447 4085 478 4144; x_wconf 93' lang='lat' dir='ltr'><strong>et</strong></span> <span class='ocrx_word' id='word_1_270' title='bbox 501 4080 724 4166; x_wconf 86' lang='lat' dir='ltr'><strong>digressiones,</strong></span> <span class='ocrx_word' id='word_1_271' title='bbox 748 4100 838 4165; x_wconf 89' lang='lat' dir='ltr'><strong>quae,</strong></span> <span class='ocrx_word' id='word_1_272' title='bbox 861 4080 915 4144; x_wconf 88' lang='lat' dir='ltr'><strong>ubi</strong></span> <span class='ocrx_word' id='word_1_273' title='bbox 928 4079 1120 4158; x_wconf 85' lang='lat' dir='ltr'><strong>obvenerint,</strong></span> <span class='ocrx_word' id='word_1_274' title='bbox 1147 4079 1218 4160; x_wconf 84' lang='lat' dir='ltr'><strong>plue</strong></span> <span class='ocrx_word' id='word_1_275' title='bbox 1241 4078 1300 4140; x_wconf 87' lang='lat' dir='ltr'><strong>mi·</strong></span> <span class='ocrx_word' id='word_1_276' title='bbox 1383 4149 1387 4157; x_wconf 41' lang='grc'><strong>,</strong></span> 
     </span>
     <span class='ocr_line' id='line_1_35' title="bbox 106 4185 1301 4273; baseline 0.01 -35"><span class='ocrx_word' id='word_1_277' title='bbox 106 4197 205 4244; x_wconf 55' lang='lat' dir='ltr'><strong>&gt;nosve</strong></span> <span class='ocrx_word' id='word_1_278' title='bbox 230 4185 448 4268; x_wconf 85' lang='lat' dir='ltr'><strong>manifestant,</strong></span> <span class='ocrx_word' id='word_1_279' title='bbox 480 4190 698 4255; x_wconf 88' lang='lat' dir='ltr'><strong>antecedentia</strong></span> <span class='ocrx_word' id='word_1_280' title='bbox 722 4195 754 4254; x_wconf 89' lang='lat' dir='ltr'><strong>et</strong></span> <span class='ocrx_word' id='word_1_281' title='bbox 775 4188 1000 4273; x_wconf 89' lang='lat' dir='ltr'><strong>consequentia</strong></span> <span class='ocrx_word' id='word_1_282' title='bbox 1022 4210 1084 4252; x_wconf 93' lang='lat' dir='ltr'><strong>non</strong></span> <span class='ocrx_word' id='word_1_283' title='bbox 1106 4193 1194 4252; x_wconf 89' lang='lat' dir='ltr'><strong>arcte</strong></span> <span class='ocrx_word' id='word_1_284' title='bbox 1216 4187 1301 4250; x_wconf 88' lang='lat' dir='ltr'><strong>inter</strong></span> 
     </span>
     <span class='ocr_line' id='line_1_36' title="bbox 112 4289 402 4382; baseline 0.045 -37"><span class='ocrx_word' id='word_1_285' title='bbox 112 4301 147 4348; x_wconf 91' lang='lat' dir='ltr'><strong>sc</strong></span> <span class='ocrx_word' id='word_1_286' title='bbox 161 4289 330 4358; x_wconf 89' lang='lat' dir='ltr'><strong>cohaerere</strong></span> <span class='ocrx_word' id='word_1_287' title='bbox 343 4289 386 4382; x_wconf 76' lang='grc'><strong>8).</strong></span> <span class='ocrx_word' id='word_1_288' title='bbox 400 4305 402 4310; x_wconf 80' lang='grc'><strong>“</strong></span> 
     </span>
    </p>
   </div>
   <div class='ocr_carea' id='block_1_3' title="bbox 154 4397 1298 4488">
    <p class='ocr_par' dir='ltr' id='par_1_11' title="bbox 154 4397 1298 4488">
     <span class='ocr_line' id='line_1_37' title="bbox 154 4397 1298 4488; baseline 0 -25"><span class='ocrx_word' id='word_1_289' title='bbox 154 4397 192 4478; x_wconf 84' lang='lat' dir='ltr'><strong>c]</strong></span> <span class='ocrx_word' id='word_1_290' title='bbox 208 4401 299 4477; x_wconf 80' lang='lat' dir='ltr'><strong>Quod</strong></span> <span class='ocrx_word' id='word_1_291' title='bbox 314 4402 503 4468; x_wconf 87' lang='lat' dir='ltr'><strong>historicum</strong></span> <span class='ocrx_word' id='word_1_292' title='bbox 519 4425 629 4469; x_wconf 82' lang='lat' dir='ltr'><strong>nexum</strong></span> <span class='ocrx_word' id='word_1_293' title='bbox 651 4404 782 4485; x_wconf 90' lang='lat' dir='ltr'><strong>attinet,</strong></span> <span class='ocrx_word' id='word_1_294' title='bbox 804 4404 866 4488; x_wconf 90' lang='lat' dir='ltr'><strong>ipsi</strong></span> <span class='ocrx_word' id='word_1_295' title='bbox 881 4411 1030 4470; x_wconf 86' lang='lat' dir='ltr'><strong>auctores</strong></span> <span class='ocrx_word' id='word_1_296' title='bbox 1051 4403 1212 4469; x_wconf 84' lang='lat' dir='ltr'><strong>hincinde</strong></span> <span class='ocrx_word' id='word_1_297' title='bbox 1228 4401 1298 4483; x_wconf 87' lang='lat' dir='ltr'><strong>plus</strong></span> 
     </span>
    </p>
   </div>
   <div class='ocr_carea' id='block_1_4' title="bbox 112 4497 1298 4707">
    <p class='ocr_par' dir='ltr' id='par_1_12' title="bbox 112 4497 1298 4707">
     <span class='ocr_line' id='line_1_38' title="bbox 112 4497 1298 4596; baseline 0.01 -37"><span class='ocrx_word' id='word_1_298' title='bbox 112 4497 249 4574; x_wconf 88' lang='lat' dir='ltr'><strong>minusve</strong></span> <span class='ocrx_word' id='word_1_299' title='bbox 266 4511 431 4594; x_wconf 87' lang='lat' dir='ltr'><strong>perspicue</strong></span> <span class='ocrx_word' id='word_1_300' title='bbox 449 4512 591 4592; x_wconf 89' lang='lat' dir='ltr'><strong>edicunt,</strong></span> <span class='ocrx_word' id='word_1_301' title='bbox 614 4534 686 4578; x_wconf 91' lang='lat' dir='ltr'><strong>num</strong></span> <span class='ocrx_word' id='word_1_302' title='bbox 709 4513 871 4595; x_wconf 84' lang='lat' dir='ltr'><strong>proxime,</strong></span> <span class='ocrx_word' id='word_1_303' title='bbox 898 4535 936 4578; x_wconf 86' lang='lat' dir='ltr'><strong>an</strong></span> <span class='ocrx_word' id='word_1_304' title='bbox 957 4518 1031 4596; x_wconf 92' lang='lat' dir='ltr'><strong>post</strong></span> <span class='ocrx_word' id='word_1_305' title='bbox 1053 4516 1196 4593; x_wconf 88' lang='lat' dir='ltr'><strong>tempus,</strong></span> <span class='ocrx_word' id='word_1_306' title='bbox 1224 4529 1298 4571; x_wconf 83' lang='lat' dir='ltr'><strong>nunu</strong></span> 
     </span>
     <span class='ocr_line' id='line_1_39' title="bbox 113 4613 1297 4707; baseline -0.006 -20"><span class='ocrx_word' id='word_1_307' title='bbox 113 4613 275 4694; x_wconf 73' lang='lat' dir='ltr'><strong>qvondam,</strong></span> <span class='ocrx_word' id='word_1_308' title='bbox 293 4637 331 4682; x_wconf 87' lang='lat' dir='ltr'><strong>an</strong></span> <span class='ocrx_word' id='word_1_309' title='bbox 347 4619 445 4686; x_wconf 92' lang='lat' dir='ltr'><strong>multo</strong></span> <span class='ocrx_word' id='word_1_310' title='bbox 462 4625 604 4705; x_wconf 88' lang='lat' dir='ltr'><strong>tempora</strong></span> <span class='ocrx_word' id='word_1_311' title='bbox 621 4623 728 4707; x_wconf 88' lang='lat' dir='ltr'><strong>elapso</strong></span> <span class='ocrx_word' id='word_1_312' title='bbox 746 4622 903 4707; x_wconf 91' lang='lat' dir='ltr'><strong>quidpiam</strong></span> <span class='ocrx_word' id='word_1_313' title='bbox 922 4621 1060 4688; x_wconf 88' lang='lat' dir='ltr'><strong>evenerit</strong></span> <span class='ocrx_word' id='word_1_314' title='bbox 1076 4616 1117 4704; x_wconf 69' lang='grc' dir='ltr'><strong>ο).</strong></span> <span class='ocrx_word' id='word_1_315' title='bbox 1142 4618 1297 4682; x_wconf 90' lang='lat' dir='ltr'><strong>Nonnun-</strong></span> 
     </span>
    </p>
   </div>
   <div class='ocr_carea' id='block_1_5' title="bbox 0 0 1564 5294">
    <p class='ocr_par' dir='ltr' id='par_1_13' title="bbox 0 0 1564 5294">
     <span class='ocr_line' id='line_1_40' title="bbox 0 0 1564 5294; baseline 0 2"><span class='ocrx_word' id='word_1_316' title='bbox 0 0 1564 5294; x_wconf 95' lang='lat' dir='ltr'><strong> </strong></span> 
     </span>
    </p>
   </div>
  </div>
 </body>
</html>
