3190 5290
585 1474 933 1594 Prooemium.

704 1759 820 1771 uun—-

492 1932 519 2000 §-
537 1928 556 1988 ι
572 1927 648 1984 lotio
665 1925 694 1982 ot
709 1923 805 1981 duero
820 1920 1046 1984 uornenouuoao.

174 2102 453 2218 Hememmoca
487 2147 520 2210 vi
554 2143 765 2231 etymologiae
801 2149 849 2206 est
880 2143 1012 2208 scientia
1042 2143 1093 2208 rel
1122 2164 1174 2210 ars
1206 2147 1363 2236 interpre-

175 2263 261 2329 tandi
273 2257 316 2348 ¹).
341 2255 551 2341 Interpretari
566 2275 642 2318 uero
659 2258 710 2316 est
725 2272 893 2334 exponere,
913 2251 987 2334 quid
1004 2250 1145 2317 scribens
1161 2261 1215 2318 aut
1230 2257 1364 2342 loquens

177 2369 365 2458 cogitaverit
390 2365 584 2443 senseritve,
615 2363 756 2446 adeoque
781 2358 933 2440 edicere,
957 2365 993 2423 ut
1014 2361 1045 2424 vi
1071 2363 1223 2428 orationis
1240 2369 1368 2454 cognita

177 2482 283 2545 lector
305 2477 355 2541 vel
379 2476 504 2540 auditor
528 2473 660 2537 eundem
685 2469 842 2554 percipiat
866 2489 1004 2550 sensum,
1028 2489 1119 2552 quem
1135 2479 1247 2539 auctor
1262 2479 1367 2542 verbis

179 2571 328 2654 testatum
346 2605 416 2648 esse
438 2583 548 2646 voluit.
595 2583 664 2660 Quo
688 2579 721 2642 in
749 2579 858 2642 labore
887 2599 955 2640 cum
979 2577 1223 2645 Hermeneutica
1245 2588 1366 2671 regulis

177 2697 372 2781 quibusdam,
390 2698 533 2756 caeterae
550 2695 584 2752 ut
600 2689 749 2751 scientiae
767 2692 800 2750 ct
815 2693 911 2769 artes,
935 2693 1065 2772 regatur
1081 2689 1124 2754 sit
1141 2711 1284 2776 necessa,
1308 2699 1367 2758 ob·

167 2809 296 2890 jectioe
320 2807 369 2866 est
386 2800 583 2882 complexer,
607 2799 789 2882 subjective
803 2817 878 2860 vcro
896 2795 1033 2880 cognitio
1050 2795 1239 2884 regularum,
1256 2823 1367 2866 secun·

178 2916 251 2976 dum
275 2931 352 2993 quas
377 2931 393 2972 e
419 2907 589 2974 scribentis
612 2907 664 2970 vel
688 2906 823 2972 dicentis
847 2906 950 2968 verbis
973 2905 1141 2992 genuinum
1167 2930 1277 2975 eruere
1293 2933 1367 2976 seu-

179 3039 249 3084 sam
274 3019 412 3099 oportet.
905 3066 907 3070 .

270 3128 431 3204 Quatenus
448 3126 553 3185 autern
576 3119 626 3182 vel
648 3117 841 3183 universales
866 3119 966 3182 solum
982 3120 1071 3206 leges
1098 3125 1368 3212 praescribuntur,

180 3255 309 3320 quarum
334 3249 409 3293 usus
433 3230 516 3293 valet
540 3229 572 3291 in
597 3227 696 3290 omnis
719 3227 845 3312 generis
870 3227 1014 3290 oratione
1044 3229 1295 3314 interpretanda,
1319 3237 1369 3300 vel

178 3366 255 3408 vero
279 3343 318 3405 aul
335 3341 458 3404 easdem
473 3339 562 3424 leges
580 3358 634 3401 eae
651 3357 774 3420 quoque
791 3337 991 3402 conditiones
1022 3341 1054 3401 et
1071 3341 1232 3404 cautiones
1250 3345 1369 3408 addun-

179 3458 250 3534 tur,
275 3469 403 3532 quarum
428 3468 486 3532 ope
502 3446 534 3508 iu
557 3445 638 3508 certi
652 3445 779 3532 generis
804 3445 893 3508 libris
913 3447 1103 3530 exponendis
1119 3469 1177 3531 pro
1193 3472 1297 3515 rerum
1314 3476 1368 3518 va-

181 3562 295 3625 rietate
326 3557 535 3640 procedatur,
574 3555 847 3622 Hermeneuticam
871 3558 1099 3620 universalem
1126 3568 1158 3624 et
1187 3568 1368 3642 specialem

181 3669 376 3754 distinguere
392 3664 468 3728 licet
478 3662 522 3751 Β).
934 3733 936 3738 ¹

272 3775 341 3840 Nos
353 3772 418 3856 jaun
434 3773 465 3836 in
479 3793 516 3836 eo
533 3792 661 3848 sumus,
684 3777 719 3834 ut
746 3775 976 3853 pertractemus
993 3773 1264 3841 Hermeneuticam
1295 3803 1368 3865 spc-

183 3883 304 3961 cialem,
328 3881 500 3964 etquidem
517 3883 680 3962 biblicam,
704 3900 782 3963 quae
807 3885 857 3942 est
881 3871 1033 3958 odientia,
1058 3904 1195 3948 sacram
1219 3895 1368 3972 scripta·

182 4013 257 4056 ram
268 4000 358 4055 recte
383 3993 629 4072 interpretandi
640 3988 689 4077 ⁸);
714 3992 746 4051 et
763 3995 858 4072 prout
873 3988 922 4050 vel
939 3991 977 4052 ad
995 4011 1100 4053 omnes
1117 3991 1217 4058 libros
1235 3997 1368 4064 biblicus

184 4098 293 4178 simul,
324 4097 374 4160 vel
398 4099 436 4160 ad
460 4103 577 4161 certam
601 4097 769 4160 eorundem
799 4096 954 4181 speciem,
979 4105 1052 4179 puta
1075 4103 1193 4166 veteris
1216 4112 1270 4170 aut
1296 4111 1370 4172 novi

183 4206 377 4272 Testamenti
404 4206 503 4270 libros
533 4205 688 4286 refertur,
718 4205 960 4278 Hermeneutica
990 4207 1106 4270 biblica
1126 4219 1298 4292 pancratis
1321 4219 1371 4282 vol

184 4319 342 4398 specialia
361 4315 455 4396 audit,
480 4313 592 4397 quibus
616 4313 700 4376 sorte
717 4319 748 4376 et
770 4315 978 4396 amputarem
997 4317 1112 4380 addere
1129 4315 1235 4402 juvat,
1261 4330 1372 4404 qnate-

186 4445 244 4487 nus
268 4424 398 4508 singulis
421 4422 512 4485 libris
531 4425 711 4505 occupatur.

276 4534 345 4594 lloc
367 4538 469 4595 tamen
491 4529 564 4593 loco
580 4528 704 4593 nonnisi
719 4525 990 4592 Hermeneuticam
1005 4534 1184 4616 generalem
1200 4535 1370 4621 trademus,

189 4659 257 4702 cum
280 4638 431 4722 speciales
453 4637 580 4722 regulae
598 4656 656 4719 pro
672 4641 777 4699 vetere
801 4642 833 4698 et
857 4656 936 4700 noro
953 4637 1095 4701 Foedere
1114 4642 1294 4726 exponendo
1308 4645 1376 4710 fere

226 4771 303 4811 lieu-ra.
322 4768 419 4813 biblica.
439 4772 456 4814 l.
1130 4767 1143 4816 1
