<?xml version="1.0" encoding="UTF-8"?>
<!DOCTYPE html PUBLIC "-//W3C//DTD XHTML 1.0 Transitional//EN"
    "http://www.w3.org/TR/xhtml1/DTD/xhtml1-transitional.dtd">
<html xmlns="http://www.w3.org/1999/xhtml" xml:lang="en" lang="en">
 <head>
  <title>
</title>
<meta http-equiv="Content-Type" content="text/html;charset=utf-8" />
  <meta name='ocr-system' content='tesseract 3.04.00' />
  <meta name='ocr-capabilities' content='ocr_page ocr_carea ocr_par ocr_line ocrx_word'/>
</head>
<body>
  <div class='ocr_page' id='page_1' title='image "./hermeneuticabib00kohlgoog_0178.png"; bbox 0 0 3092 5286; ppageno 0'>
   <div class='ocr_carea' id='block_1_1' title="bbox 1260 443 1332 521">
    <p class='ocr_par' dir='ltr' id='par_1_1' title="bbox 1260 443 1332 521">
     <span class='ocr_line' id='line_1_1' title="bbox 1260 443 1332 521; baseline 0.042 -3"><span class='ocrx_word' id='word_1_1' title='bbox 1260 443 1332 521; x_wconf 84' lang='lat'><strong>151</strong></span> 
     </span>
    </p>
   </div>
   <div class='ocr_carea' id='block_1_2' title="bbox 141 619 1336 1769">
    <p class='ocr_par' dir='ltr' id='par_1_2' title="bbox 142 619 1332 903">
     <span class='ocr_line' id='line_1_2' title="bbox 145 619 1332 706; baseline 0.001 -23"><span class='ocrx_word' id='word_1_2' title='bbox 145 620 309 690; x_wconf 74' lang='lat' dir='ltr'><strong>avooibaa</strong></span> <span class='ocrx_word' id='word_1_3' title='bbox 326 639 454 701; x_wconf 87' lang='lat' dir='ltr'><strong>eruere,</strong></span> <span class='ocrx_word' id='word_1_4' title='bbox 479 641 558 705; x_wconf 87' lang='lat' dir='ltr'><strong>quac</strong></span> <span class='ocrx_word' id='word_1_5' title='bbox 574 621 715 702; x_wconf 76' lang='lat' dir='ltr'><strong>loquenti</strong></span> <span class='ocrx_word' id='word_1_6' title='bbox 735 619 869 704; x_wconf 87' lang='lat' dir='ltr'><strong>biblion,</strong></span> <span class='ocrx_word' id='word_1_7' title='bbox 893 627 982 685; x_wconf 88' lang='lat' dir='ltr'><strong>certo</strong></span> <span class='ocrx_word' id='word_1_8' title='bbox 1010 623 1043 685; x_wconf 91' lang='lat' dir='ltr'><strong>in</strong></span> <span class='ocrx_word' id='word_1_9' title='bbox 1071 621 1212 684; x_wconf 88' lang='lat' dir='ltr'><strong>culturae</strong></span> <span class='ocrx_word' id='word_1_10' title='bbox 1233 621 1332 706; x_wconf 81' lang='lat' dir='ltr'><strong>gradu</strong></span> 
     </span>
     <span class='ocr_line' id='line_1_3' title="bbox 143 728 1331 812; baseline -0.002 -20"><span class='ocrx_word' id='word_1_11' title='bbox 143 728 263 812; x_wconf 83' lang='lat' dir='ltr'><strong>posito,</strong></span> <span class='ocrx_word' id='word_1_12' title='bbox 286 728 498 810; x_wconf 75' lang='lat' dir='ltr'><strong>inhaerebant,</strong></span> <span class='ocrx_word' id='word_1_13' title='bbox 523 736 555 793; x_wconf 87' lang='lat' dir='ltr'><strong>et</strong></span> <span class='ocrx_word' id='word_1_14' title='bbox 579 729 709 792; x_wconf 84' lang='lat' dir='ltr'><strong>vocibus</strong></span> <span class='ocrx_word' id='word_1_15' title='bbox 732 730 862 812; x_wconf 84' lang='lat' dir='ltr'><strong>abipso</strong></span> <span class='ocrx_word' id='word_1_16' title='bbox 885 729 1141 812; x_wconf 75' lang='lat' dir='ltr'><strong>subjiciebantur,</strong></span> <span class='ocrx_word' id='word_1_17' title='bbox 1165 729 1331 812; x_wconf 85' lang='lat' dir='ltr'><strong>plurimum</strong></span> 
     </span>
     <span class='ocr_line' id='line_1_4' title="bbox 142 838 425 903; baseline -0.007 -2"><span class='ocrx_word' id='word_1_18' title='bbox 142 838 291 902; x_wconf 87' lang='lat' dir='ltr'><strong>intererit</strong></span> <span class='ocrx_word' id='word_1_19' title='bbox 314 859 425 903; x_wconf 89' lang='lat' dir='ltr'><strong>nosse:</strong></span> 
     </span>
    </p>

    <p class='ocr_par' dir='ltr' id='par_1_3' title="bbox 235 947 1335 1030">
     <span class='ocr_line' id='line_1_5' title="bbox 235 947 1335 1030; baseline -0.003 -20"><span class='ocrx_word' id='word_1_20' title='bbox 235 947 273 1010; x_wconf 76' lang='grc' dir='ltr'><strong>Α.</strong></span> <span class='ocrx_word' id='word_1_21' title='bbox 298 950 431 1030; x_wconf 83' lang='lat' dir='ltr'><strong>quondo</strong></span> <span class='ocrx_word' id='word_1_22' title='bbox 449 951 615 1011; x_wconf 80' lang='lat' dir='ltr'><strong>notionum</strong></span> <span class='ocrx_word' id='word_1_23' title='bbox 627 947 822 1012; x_wconf 82' lang='lat' dir='ltr'><strong>bibltcnrnm</strong></span> <span class='ocrx_word' id='word_1_24' title='bbox 836 951 986 1011; x_wconf 76' lang='lat' dir='ltr'><strong>variatae</strong></span> <span class='ocrx_word' id='word_1_25' title='bbox 1007 948 1281 1028; x_wconf 79' lang='lat' dir='ltr'><strong>suspicandusit,</strong></span> <span class='ocrx_word' id='word_1_26' title='bbox 1303 949 1335 1007; x_wconf 90' lang='lat' dir='ltr'><strong>et</strong></span> 
     </span>
    </p>

    <p class='ocr_par' dir='ltr' id='par_1_4' title="bbox 233 1053 1116 1137">
     <span class='ocr_line' id='line_1_6' title="bbox 233 1053 1116 1137; baseline -0.002 -19"><span class='ocrx_word' id='word_1_27' title='bbox 233 1053 271 1118; x_wconf 86' lang='lat' dir='ltr'><strong>ll.</strong></span> <span class='ocrx_word' id='word_1_28' title='bbox 295 1073 361 1136; x_wconf 78' lang='lat' dir='ltr'><strong>qun</strong></span> <span class='ocrx_word' id='word_1_29' title='bbox 376 1059 508 1121; x_wconf 71' lang='lat' dir='ltr'><strong>eminae</strong></span> <span class='ocrx_word' id='word_1_30' title='bbox 523 1059 669 1137; x_wconf 62' lang='lat' dir='ltr'><strong>psaltim</strong></span> <span class='ocrx_word' id='word_1_31' title='bbox 688 1060 857 1120; x_wconf 82' lang='lat' dir='ltr'><strong>notionum</strong></span> <span class='ocrx_word' id='word_1_32' title='bbox 872 1056 1116 1137; x_wconf 67' lang='lat' dir='ltr'><strong>coquebantur?</strong></span> 
     </span>
    </p>

    <p class='ocr_par' dir='ltr' id='par_1_5' title="bbox 141 1161 1336 1769">
     <span class='ocr_line' id='line_1_7' title="bbox 235 1161 1335 1246; baseline -0.002 -20"><span class='ocrx_word' id='word_1_33' title='bbox 235 1165 327 1242; x_wconf 77' lang='lat' dir='ltr'><strong>Quod</strong></span> <span class='ocrx_word' id='word_1_34' title='bbox 357 1163 445 1246; x_wconf 88' lang='lat' dir='ltr'><strong>prius</strong></span> <span class='ocrx_word' id='word_1_35' title='bbox 472 1163 601 1243; x_wconf 78' lang='lat' dir='ltr'><strong>attinet,</strong></span> <span class='ocrx_word' id='word_1_36' title='bbox 634 1164 846 1228; x_wconf 84' lang='lat' dir='ltr'><strong>diversitatem</strong></span> <span class='ocrx_word' id='word_1_37' title='bbox 880 1165 1041 1227; x_wconf 89' lang='lat' dir='ltr'><strong>notionum</strong></span> <span class='ocrx_word' id='word_1_38' title='bbox 1073 1161 1228 1244; x_wconf 87' lang='lat' dir='ltr'><strong>suspicari</strong></span> <span class='ocrx_word' id='word_1_39' title='bbox 1258 1161 1335 1224; x_wconf 86' lang='lat' dir='ltr'><strong>licet</strong></span> 
     </span>
     <span class='ocr_line' id='line_1_8' title="bbox 142 1269 1334 1358; baseline 0 -24"><span class='ocrx_word' id='word_1_40' title='bbox 142 1271 274 1335; x_wconf 77' lang='lat' dir='ltr'><strong>ratione</strong></span> <span class='ocrx_word' id='word_1_41' title='bbox 284 1271 405 1355; x_wconf 69' lang='lat' dir='ltr'><strong>sumre,</strong></span> <span class='ocrx_word' id='word_1_42' title='bbox 434 1291 471 1334; x_wconf 85' lang='lat' dir='ltr'><strong>ex</strong></span> <span class='ocrx_word' id='word_1_43' title='bbox 493 1293 555 1357; x_wconf 89' lang='lat' dir='ltr'><strong>quo</strong></span> <span class='ocrx_word' id='word_1_44' title='bbox 572 1271 773 1352; x_wconf 79' lang='lat' dir='ltr'><strong>derivantur,</strong></span> <span class='ocrx_word' id='word_1_45' title='bbox 800 1277 833 1336; x_wconf 91' lang='lat' dir='ltr'><strong>et</strong></span> <span class='ocrx_word' id='word_1_46' title='bbox 858 1278 987 1338; x_wconf 79' lang='lat' dir='ltr'><strong>ratione</strong></span> <span class='ocrx_word' id='word_1_47' title='bbox 1004 1275 1143 1358; x_wconf 80' lang='lat' dir='ltr'><strong>subjecta·</strong></span> <span class='ocrx_word' id='word_1_48' title='bbox 1164 1269 1334 1356; x_wconf 86' lang='lat' dir='ltr'><strong>loquentis,</strong></span> 
     </span>
     <span class='ocr_line' id='line_1_9' title="bbox 143 1377 1335 1466; baseline 0.002 -26"><span class='ocrx_word' id='word_1_49' title='bbox 143 1377 234 1462; x_wconf 82' lang='lat' dir='ltr'><strong>cujus</strong></span> <span class='ocrx_word' id='word_1_50' title='bbox 250 1379 352 1444; x_wconf 89' lang='lat' dir='ltr'><strong>auimo</strong></span> <span class='ocrx_word' id='word_1_51' title='bbox 369 1380 485 1444; x_wconf 91' lang='lat' dir='ltr'><strong>insunt.</strong></span> <span class='ocrx_word' id='word_1_52' title='bbox 516 1381 609 1460; x_wconf 78' lang='lat' dir='ltr'><strong>Quod</strong></span> <span class='ocrx_word' id='word_1_53' title='bbox 623 1401 697 1446; x_wconf 88' lang='lat' dir='ltr'><strong>vero</strong></span> <span class='ocrx_word' id='word_1_54' title='bbox 715 1381 874 1463; x_wconf 91' lang='lat' dir='ltr'><strong>posteriue</strong></span> <span class='ocrx_word' id='word_1_55' title='bbox 894 1386 1034 1466; x_wconf 87' lang='lat' dir='ltr'><strong>spectat,</strong></span> <span class='ocrx_word' id='word_1_56' title='bbox 1057 1381 1161 1444; x_wconf 85' lang='lat' dir='ltr'><strong>fontes</strong></span> <span class='ocrx_word' id='word_1_57' title='bbox 1171 1430 1180 1464; x_wconf 92' lang='lat'>‚</span> <span class='ocrx_word' id='word_1_58' title='bbox 1210 1401 1247 1444; x_wconf 86' lang='lat' dir='ltr'><strong>ex</strong></span> <span class='ocrx_word' id='word_1_59' title='bbox 1263 1379 1335 1464; x_wconf 92' lang='lat' dir='ltr'><strong>qui-</strong></span> 
     </span>
     <span class='ocr_line' id='line_1_10' title="bbox 141 1485 1336 1576; baseline 0 -24"><span class='ocrx_word' id='word_1_60' title='bbox 141 1485 201 1552; x_wconf 79' lang='lat' dir='ltr'><strong>bus</strong></span> <span class='ocrx_word' id='word_1_61' title='bbox 218 1486 399 1568; x_wconf 84' lang='lat' dir='ltr'><strong>qualitatem</strong></span> <span class='ocrx_word' id='word_1_62' title='bbox 414 1490 576 1554; x_wconf 90' lang='lat' dir='ltr'><strong>notionum</strong></span> <span class='ocrx_word' id='word_1_63' title='bbox 591 1489 776 1554; x_wconf 77' lang='lat' dir='ltr'><strong>variantium</strong></span> <span class='ocrx_word' id='word_1_64' title='bbox 791 1488 919 1552; x_wconf 87' lang='lat' dir='ltr'><strong>haurire</strong></span> <span class='ocrx_word' id='word_1_65' title='bbox 936 1494 1082 1572; x_wconf 86' lang='lat' dir='ltr'><strong>oportet,</strong></span> <span class='ocrx_word' id='word_1_66' title='bbox 1105 1489 1336 1576; x_wconf 80' lang='lat' dir='ltr'><strong>Archaeolngia</strong></span> 
     </span>
     <span class='ocr_line' id='line_1_11' title="bbox 141 1594 1331 1683; baseline -0.002 -23"><span class='ocrx_word' id='word_1_67' title='bbox 141 1594 259 1660; x_wconf 88' lang='lat' dir='ltr'><strong>biblica</strong></span> <span class='ocrx_word' id='word_1_68' title='bbox 274 1599 306 1660; x_wconf 87' lang='lat' dir='ltr'><strong>et</strong></span> <span class='ocrx_word' id='word_1_69' title='bbox 321 1597 515 1662; x_wconf 76' lang='lat' dir='ltr'><strong>introductio</strong></span> <span class='ocrx_word' id='word_1_70' title='bbox 532 1597 564 1660; x_wconf 94' lang='lat' dir='ltr'><strong>in</strong></span> <span class='ocrx_word' id='word_1_71' title='bbox 579 1597 678 1662; x_wconf 90' lang='lat' dir='ltr'><strong>libros</strong></span> <span class='ocrx_word' id='word_1_72' title='bbox 694 1598 732 1660; x_wconf 86' lang='lat' dir='ltr'><strong>V.</strong></span> <span class='ocrx_word' id='word_1_73' title='bbox 749 1602 780 1660; x_wconf 90' lang='lat' dir='ltr'><strong>et</strong></span> <span class='ocrx_word' id='word_1_74' title='bbox 795 1597 835 1660; x_wconf 91' lang='lat' dir='ltr'><strong>N.</strong></span> <span class='ocrx_word' id='word_1_75' title='bbox 852 1598 890 1661; x_wconf 79' lang='grc' dir='ltr'><strong>Τ.</strong></span> <span class='ocrx_word' id='word_1_76' title='bbox 907 1602 990 1660; x_wconf 88' lang='lat' dir='ltr'><strong>sunt.</strong></span> <span class='ocrx_word' id='word_1_77' title='bbox 1022 1598 1069 1662; x_wconf 79' lang='lat' dir='ltr'><strong>lle</strong></span> <span class='ocrx_word' id='word_1_78' title='bbox 1085 1598 1216 1683; x_wconf 74' lang='lat' dir='ltr'><strong>sing-ulie</strong></span> <span class='ocrx_word' id='word_1_79' title='bbox 1232 1617 1331 1683; x_wconf 87' lang='lat' dir='ltr'><strong>pauca</strong></span> 
     </span>
     <span class='ocr_line' id='line_1_12' title="bbox 142 1705 294 1769; baseline -0.02 0"><span class='ocrx_word' id='word_1_80' title='bbox 142 1705 294 1769; x_wconf 77' lang='lat' dir='ltr'><strong>dicamne.</strong></span> 
     </span>
    </p>
   </div>
   <div class='ocr_carea' id='block_1_3' title="bbox 259 1904 1223 1966">
    <p class='ocr_par' dir='ltr' id='par_1_6' title="bbox 259 1904 1223 1966">
     <span class='ocr_line' id='line_1_13' title="bbox 259 1904 1223 1966; baseline -0.002 -10"><span class='ocrx_word' id='word_1_81' title='bbox 259 1908 290 1956; x_wconf 77' lang='grc' dir='ltr'><strong>Α.</strong></span> <span class='ocrx_word' id='word_1_82' title='bbox 324 1904 540 1958; x_wconf 75' lang='lat' dir='ltr'><strong>ntvnnsrrsn</strong></span> <span class='ocrx_word' id='word_1_83' title='bbox 557 1905 742 1956; x_wconf 67' lang='lat' dir='ltr'><strong>nortonam</strong></span> <span class='ocrx_word' id='word_1_84' title='bbox 761 1905 989 1964; x_wconf 69' lang='lat' dir='ltr'><strong>everterunt,</strong></span> <span class='ocrx_word' id='word_1_85' title='bbox 1019 1907 1069 1954; x_wconf 73' lang='grc' dir='ltr'><strong>ΕΤ</strong></span> <span class='ocrx_word' id='word_1_86' title='bbox 1088 1907 1223 1966; x_wconf 77' lang='lat' dir='ltr'><strong>Qlllllldlll</strong></span> 
     </span>
    </p>
   </div>
   <div class='ocr_carea' id='block_1_4' title="bbox 696 2060 782 2134">
    <p class='ocr_par' dir='ltr' id='par_1_7' title="bbox 696 2060 782 2134">
     <span class='ocr_line' id='line_1_14' title="bbox 696 2060 782 2134; baseline 0.035 -15"><span class='ocrx_word' id='word_1_87' title='bbox 696 2066 724 2134; x_wconf 70' lang='lat' dir='ltr'><strong>s.</strong></span> <span class='ocrx_word' id='word_1_88' title='bbox 741 2060 782 2123; x_wconf 81' lang='lat' dir='ltr'><strong>tl.</strong></span> 
     </span>
    </p>
   </div>
   <div class='ocr_carea' id='block_1_5' title="bbox 604 2153 890 2263">
    <p class='ocr_par' dir='ltr' id='par_1_8' title="bbox 604 2153 890 2263">
     <span class='ocr_line' id='line_1_15' title="bbox 604 2153 890 2263; baseline 0.01 -21"><span class='ocrx_word' id='word_1_89' title='bbox 604 2192 634 2258; x_wconf 86' lang='lat' dir='ltr'><strong>a)</strong></span> <span class='ocrx_word' id='word_1_90' title='bbox 654 2191 766 2245; x_wconf 80' lang='lat' dir='ltr'><strong>ratione</strong></span> <span class='ocrx_word' id='word_1_91' title='bbox 780 2153 890 2263; x_wconf 66' lang='lat' dir='ltr'><strong>foratis.⁸</strong></span> 
     </span>
    </p>
   </div>
   <div class='ocr_carea' id='block_1_6' title="bbox 136 2359 1336 4728">
    <p class='ocr_par' dir='ltr' id='par_1_9' title="bbox 136 2359 1335 2877">
     <span class='ocr_line' id='line_1_16' title="bbox 236 2359 1334 2442; baseline 0 -20"><span class='ocrx_word' id='word_1_92' title='bbox 236 2361 306 2437; x_wconf 79' lang='lat' dir='ltr'><strong>Quo</strong></span> <span class='ocrx_word' id='word_1_93' title='bbox 324 2363 483 2442; x_wconf 86' lang='lat' dir='ltr'><strong>spectant:</strong></span> <span class='ocrx_word' id='word_1_94' title='bbox 511 2361 542 2421; x_wconf 90' lang='lat' dir='ltr'><strong>l.</strong></span> <span class='ocrx_word' id='word_1_95' title='bbox 558 2360 720 2424; x_wconf 82' lang='lat' dir='ltr'><strong>Nationes</strong></span> <span class='ocrx_word' id='word_1_96' title='bbox 733 2377 857 2424; x_wconf 77' lang='lat' dir='ltr'><strong>emens</strong></span> <span class='ocrx_word' id='word_1_97' title='bbox 872 2360 992 2422; x_wconf 86' lang='lat' dir='ltr'><strong>externi</strong></span> <span class='ocrx_word' id='word_1_98' title='bbox 1008 2363 1040 2423; x_wconf 91' lang='lat' dir='ltr'><strong>ct</strong></span> <span class='ocrx_word' id='word_1_99' title='bbox 1055 2359 1181 2423; x_wconf 90' lang='lat' dir='ltr'><strong>interni.</strong></span> <span class='ocrx_word' id='word_1_100' title='bbox 1206 2360 1334 2423; x_wconf 84' lang='lat' dir='ltr'><strong>Priores</strong></span> 
     </span>
     <span class='ocr_line' id='line_1_17' title="bbox 141 2464 1335 2555; baseline -0.002 -25"><span class='ocrx_word' id='word_1_101' title='bbox 141 2467 282 2547; x_wconf 84' lang='lat' dir='ltr'><strong>variant,</strong></span> <span class='ocrx_word' id='word_1_102' title='bbox 300 2473 396 2550; x_wconf 86' lang='lat' dir='ltr'><strong>prout</strong></span> <span class='ocrx_word' id='word_1_103' title='bbox 411 2488 479 2548; x_wconf 90' lang='lat' dir='ltr'><strong>res,</strong></span> <span class='ocrx_word' id='word_1_104' title='bbox 496 2487 574 2552; x_wconf 89' lang='lat' dir='ltr'><strong>quas</strong></span> <span class='ocrx_word' id='word_1_105' title='bbox 591 2469 774 2555; x_wconf 82' lang='lat' dir='ltr'><strong>designant,</strong></span> <span class='ocrx_word' id='word_1_106' title='bbox 792 2467 973 2551; x_wconf 83' lang='lat' dir='ltr'><strong>discrepant</strong></span> <span class='ocrx_word' id='word_1_107' title='bbox 986 2464 1034 2553; x_wconf 82' lang='lat'><strong>¹)3</strong></span> <span class='ocrx_word' id='word_1_108' title='bbox 1059 2475 1107 2532; x_wconf 89' lang='lat' dir='ltr'><strong>ast</strong></span> <span class='ocrx_word' id='word_1_109' title='bbox 1124 2467 1252 2531; x_wconf 89' lang='lat' dir='ltr'><strong>stabiles</strong></span> <span class='ocrx_word' id='word_1_110' title='bbox 1268 2486 1335 2530; x_wconf 89' lang='lat' dir='ltr'><strong>ma·</strong></span> 
     </span>
     <span class='ocr_line' id='line_1_18' title="bbox 140 2571 1335 2663; baseline 0 -25"><span class='ocrx_word' id='word_1_111' title='bbox 140 2579 234 2658; x_wconf 89' lang='lat' dir='ltr'><strong>nent,</strong></span> <span class='ocrx_word' id='word_1_112' title='bbox 258 2575 331 2639; x_wconf 90' lang='lat' dir='ltr'><strong>dum</strong></span> <span class='ocrx_word' id='word_1_113' title='bbox 346 2596 415 2656; x_wconf 89' lang='lat' dir='ltr'><strong>ree,</strong></span> <span class='ocrx_word' id='word_1_114' title='bbox 441 2593 517 2659; x_wconf 85' lang='lat' dir='ltr'><strong>quas</strong></span> <span class='ocrx_word' id='word_1_115' title='bbox 534 2576 714 2662; x_wconf 83' lang='lat' dir='ltr'><strong>designant,</strong></span> <span class='ocrx_word' id='word_1_116' title='bbox 739 2577 826 2660; x_wconf 85' lang='lat' dir='ltr'><strong>ipsae</strong></span> <span class='ocrx_word' id='word_1_117' title='bbox 843 2575 972 2640; x_wconf 87' lang='lat' dir='ltr'><strong>stabiles</strong></span> <span class='ocrx_word' id='word_1_118' title='bbox 989 2583 1061 2638; x_wconf 91' lang='lat' dir='ltr'><strong>sunt</strong></span> <span class='ocrx_word' id='word_1_119' title='bbox 1073 2571 1116 2663; x_wconf 76' lang='lat'><strong>²).</strong></span> <span class='ocrx_word' id='word_1_120' title='bbox 1141 2575 1260 2639; x_wconf 80' lang='lat' dir='ltr'><strong>Contra</strong></span> <span class='ocrx_word' id='word_1_121' title='bbox 1276 2597 1335 2638; x_wconf 90' lang='lat' dir='ltr'><strong>uo·</strong></span> 
     </span>
     <span class='ocr_line' id='line_1_19' title="bbox 139 2683 1335 2770; baseline 0 -24"><span class='ocrx_word' id='word_1_122' title='bbox 139 2683 247 2748; x_wconf 85' lang='lat' dir='ltr'><strong>tiones</strong></span> <span class='ocrx_word' id='word_1_123' title='bbox 263 2703 374 2746; x_wconf 89' lang='lat' dir='ltr'><strong>seusus</strong></span> <span class='ocrx_word' id='word_1_124' title='bbox 390 2683 507 2746; x_wconf 89' lang='lat' dir='ltr'><strong>interni</strong></span> <span class='ocrx_word' id='word_1_125' title='bbox 524 2685 645 2748; x_wconf 91' lang='lat' dir='ltr'><strong>nonnisi</strong></span> <span class='ocrx_word' id='word_1_126' title='bbox 661 2684 828 2750; x_wconf 84' lang='lat' dir='ltr'><strong>discrimen</strong></span> <span class='ocrx_word' id='word_1_127' title='bbox 850 2685 966 2770; x_wconf 77' lang='lat' dir='ltr'><strong>gradus</strong></span> <span class='ocrx_word' id='word_1_128' title='bbox 982 2705 1040 2768; x_wconf 94' lang='lat' dir='ltr'><strong>pro</strong></span> <span class='ocrx_word' id='word_1_129' title='bbox 1058 2683 1242 2748; x_wconf 89' lang='lat' dir='ltr'><strong>diversitate</strong></span> <span class='ocrx_word' id='word_1_130' title='bbox 1259 2685 1335 2748; x_wconf 88' lang='lat' dir='ltr'><strong>eub-</strong></span> 
     </span>
     <span class='ocr_line' id='line_1_20' title="bbox 136 2791 614 2877; baseline -0.004 -19"><span class='ocrx_word' id='word_1_131' title='bbox 136 2793 219 2877; x_wconf 86' lang='lat' dir='ltr'><strong>jecti</strong></span> <span class='ocrx_word' id='word_1_132' title='bbox 235 2792 402 2856; x_wconf 88' lang='lat' dir='ltr'><strong>admittere</strong></span> <span class='ocrx_word' id='word_1_133' title='bbox 416 2793 562 2856; x_wconf 84' lang='lat' dir='ltr'><strong>uidentur</strong></span> <span class='ocrx_word' id='word_1_134' title='bbox 572 2791 614 2874; x_wconf 79' lang='lat'><strong>⁸).</strong></span> 
     </span>
    </p>

    <p class='ocr_par' dir='ltr' id='par_1_10' title="bbox 136 2898 1336 4072">
     <span class='ocr_line' id='line_1_21' title="bbox 233 2898 1334 2986; baseline -0.002 -22"><span class='ocrx_word' id='word_1_135' title='bbox 233 2903 265 2964; x_wconf 73' lang='grc'><strong>2.</strong></span> <span class='ocrx_word' id='word_1_136' title='bbox 288 2901 450 2964; x_wconf 78' lang='lat' dir='ltr'><strong>Nationes</strong></span> <span class='ocrx_word' id='word_1_137' title='bbox 470 2904 613 2965; x_wconf 83' lang='lat' dir='ltr'><strong>rationis</strong></span> <span class='ocrx_word' id='word_1_138' title='bbox 635 2901 667 2963; x_wconf 93' lang='lat' dir='ltr'><strong>in</strong></span> <span class='ocrx_word' id='word_1_139' title='bbox 690 2898 869 2986; x_wconf 77' lang='lat' dir='ltr'><strong>significatu</strong></span> <span class='ocrx_word' id='word_1_140' title='bbox 893 2901 1017 2980; x_wconf 90' lang='lat' dir='ltr'><strong>latiori,</strong></span> <span class='ocrx_word' id='word_1_141' title='bbox 1039 2902 1078 2964; x_wconf 89' lang='lat' dir='ltr'><strong>ad</strong></span> <span class='ocrx_word' id='word_1_142' title='bbox 1102 2921 1178 2982; x_wconf 90' lang='lat' dir='ltr'><strong>quas</strong></span> <span class='ocrx_word' id='word_1_143' title='bbox 1202 2901 1334 2983; x_wconf 89' lang='lat' dir='ltr'><strong>primurn</strong></span> 
     </span>
     <span class='ocr_line' id='line_1_22' title="bbox 141 3009 1334 3092; baseline 0 -21"><span class='ocrx_word' id='word_1_144' title='bbox 141 3009 308 3072; x_wconf 78' lang='lat' dir='ltr'><strong>referimus</strong></span> <span class='ocrx_word' id='word_1_145' title='bbox 323 3013 476 3073; x_wconf 63' lang='lat' dir='ltr'><strong>annones</strong></span> <span class='ocrx_word' id='word_1_146' title='bbox 491 3011 697 3088; x_wconf 84' lang='lat' dir='ltr'><strong>abstractae,</strong></span> <span class='ocrx_word' id='word_1_147' title='bbox 714 3029 793 3091; x_wconf 88' lang='lat' dir='ltr'><strong>quac</strong></span> <span class='ocrx_word' id='word_1_148' title='bbox 808 3010 929 3072; x_wconf 83' lang='lat' dir='ltr'><strong>uariant</strong></span> <span class='ocrx_word' id='word_1_149' title='bbox 944 3029 1002 3092; x_wconf 90' lang='lat' dir='ltr'><strong>pro</strong></span> <span class='ocrx_word' id='word_1_150' title='bbox 1020 3009 1203 3072; x_wconf 85' lang='lat' dir='ltr'><strong>diversitate</strong></span> <span class='ocrx_word' id='word_1_151' title='bbox 1219 3029 1334 3089; x_wconf 85' lang='lat' dir='ltr'><strong>rernm,</strong></span> 
     </span>
     <span class='ocr_line' id='line_1_23' title="bbox 140 3115 1335 3202; baseline 0.002 -24"><span class='ocrx_word' id='word_1_152' title='bbox 140 3117 289 3202; x_wconf 82' lang='lat' dir='ltr'><strong>aquibus</strong></span> <span class='ocrx_word' id='word_1_153' title='bbox 306 3115 540 3181; x_wconf 87' lang='lat' dir='ltr'><strong>abstrabuntur.</strong></span> <span class='ocrx_word' id='word_1_154' title='bbox 563 3119 631 3183; x_wconf 91' lang='lat' dir='ltr'><strong>Nec</strong></span> <span class='ocrx_word' id='word_1_155' title='bbox 649 3119 761 3182; x_wconf 88' lang='lat' dir='ltr'><strong>desunt</strong></span> <span class='ocrx_word' id='word_1_156' title='bbox 785 3122 890 3181; x_wconf 89' lang='lat' dir='ltr'><strong>tamen</strong></span> <span class='ocrx_word' id='word_1_157' title='bbox 914 3117 1172 3202; x_wconf 85' lang='lat' dir='ltr'><strong>quamplurimae</strong></span> <span class='ocrx_word' id='word_1_158' title='bbox 1189 3119 1335 3181; x_wconf 86' lang='lat' dir='ltr'><strong>abstrae-</strong></span> 
     </span>
     <span class='ocr_line' id='line_1_24' title="bbox 140 3222 1334 3314; baseline 0.001 -26"><span class='ocrx_word' id='word_1_159' title='bbox 140 3230 246 3290; x_wconf 89' lang='lat' dir='ltr'><strong>torum</strong></span> <span class='ocrx_word' id='word_1_160' title='bbox 271 3226 433 3306; x_wconf 89' lang='lat' dir='ltr'><strong>notiones,</strong></span> <span class='ocrx_word' id='word_1_161' title='bbox 458 3248 537 3310; x_wconf 88' lang='lat' dir='ltr'><strong>quae</strong></span> <span class='ocrx_word' id='word_1_162' title='bbox 559 3249 616 3312; x_wconf 90' lang='lat' dir='ltr'><strong>per</strong></span> <span class='ocrx_word' id='word_1_163' title='bbox 642 3248 677 3291; x_wconf 90' lang='lat' dir='ltr'><strong>se</strong></span> <span class='ocrx_word' id='word_1_164' title='bbox 705 3229 785 3311; x_wconf 88' lang='lat' dir='ltr'><strong>apud</strong></span> <span class='ocrx_word' id='word_1_165' title='bbox 814 3247 921 3290; x_wconf 89' lang='lat' dir='ltr'><strong>omnes</strong></span> <span class='ocrx_word' id='word_1_166' title='bbox 946 3226 1126 3289; x_wconf 84' lang='lat' dir='ltr'><strong>immutatae</strong></span> <span class='ocrx_word' id='word_1_167' title='bbox 1156 3231 1281 3289; x_wconf 88' lang='lat' dir='ltr'><strong>manent</strong></span> <span class='ocrx_word' id='word_1_168' title='bbox 1290 3222 1334 3314; x_wconf 76' lang='lat'><strong>⁸).</strong></span> 
     </span>
     <span class='ocr_line' id='line_1_25' title="bbox 141 3333 1335 3420; baseline 0.002 -22"><span class='ocrx_word' id='word_1_169' title='bbox 141 3334 223 3400; x_wconf 88' lang='lat' dir='ltr'><strong>Dein</strong></span> <span class='ocrx_word' id='word_1_170' title='bbox 236 3333 297 3400; x_wconf 90' lang='lat' dir='ltr'><strong>hoc</strong></span> <span class='ocrx_word' id='word_1_171' title='bbox 313 3335 387 3400; x_wconf 92' lang='lat' dir='ltr'><strong>loco</strong></span> <span class='ocrx_word' id='word_1_172' title='bbox 405 3357 681 3402; x_wconf 80' lang='lat' dir='ltr'><strong>commemoramus</strong></span> <span class='ocrx_word' id='word_1_173' title='bbox 697 3337 842 3400; x_wconf 87' lang='lat' dir='ltr'><strong>notiones</strong></span> <span class='ocrx_word' id='word_1_174' title='bbox 858 3337 897 3398; x_wconf 89' lang='lat' dir='ltr'><strong>de</strong></span> <span class='ocrx_word' id='word_1_175' title='bbox 914 3336 1016 3420; x_wconf 91' lang='lat' dir='ltr'><strong>spatio</strong></span> <span class='ocrx_word' id='word_1_176' title='bbox 1034 3339 1067 3400; x_wconf 86' lang='lat' dir='ltr'><strong>et</strong></span> <span class='ocrx_word' id='word_1_177' title='bbox 1082 3341 1224 3418; x_wconf 88' lang='lat' dir='ltr'><strong>tempore</strong></span> <span class='ocrx_word' id='word_1_178' title='bbox 1240 3340 1335 3419; x_wconf 88' lang='lat' dir='ltr'><strong>atque</strong></span> 
     </span>
     <span class='ocr_line' id='line_1_26' title="bbox 140 3443 1335 3530; baseline 0 -22"><span class='ocrx_word' id='word_1_179' title='bbox 140 3445 180 3508; x_wconf 90' lang='lat' dir='ltr'><strong>de</strong></span> <span class='ocrx_word' id='word_1_180' title='bbox 206 3443 330 3529; x_wconf 76' lang='lat' dir='ltr'><strong>legibue</strong></span> <span class='ocrx_word' id='word_1_181' title='bbox 352 3445 511 3530; x_wconf 77' lang='lat' dir='ltr'><strong>cogitandi</strong></span> <span class='ocrx_word' id='word_1_182' title='bbox 538 3451 723 3530; x_wconf 86' lang='lat' dir='ltr'><strong>conceptas,</strong></span> <span class='ocrx_word' id='word_1_183' title='bbox 745 3466 825 3529; x_wconf 90' lang='lat' dir='ltr'><strong>quae</strong></span> <span class='ocrx_word' id='word_1_184' title='bbox 854 3445 968 3508; x_wconf 90' lang='lat' dir='ltr'><strong>iterum</strong></span> <span class='ocrx_word' id='word_1_185' title='bbox 997 3465 1034 3508; x_wconf 83' lang='lat' dir='ltr'><strong>ex</strong></span> <span class='ocrx_word' id='word_1_186' title='bbox 1064 3465 1099 3508; x_wconf 91' lang='lat' dir='ltr'><strong>se</strong></span> <span class='ocrx_word' id='word_1_187' title='bbox 1127 3444 1335 3508; x_wconf 88' lang='lat' dir='ltr'><strong>immutabiles</strong></span> 
     </span>
     <span class='ocr_line' id='line_1_27' title="bbox 142 3543 1336 3643; baseline 0.001 -27"><span class='ocrx_word' id='word_1_188' title='bbox 142 3557 216 3616; x_wconf 86' lang='lat' dir='ltr'><strong>suut</strong></span> <span class='ocrx_word' id='word_1_189' title='bbox 228 3543 270 3640; x_wconf 84' lang='lat'><strong>⁵).</strong></span> <span class='ocrx_word' id='word_1_190' title='bbox 294 3555 356 3619; x_wconf 81' lang='lat' dir='ltr'><strong>sse</strong></span> <span class='ocrx_word' id='word_1_191' title='bbox 369 3553 459 3617; x_wconf 89' lang='lat' dir='ltr'><strong>ideae</strong></span> <span class='ocrx_word' id='word_1_192' title='bbox 475 3555 707 3638; x_wconf 85' lang='lat' dir='ltr'><strong>metaphysicae</strong></span> <span class='ocrx_word' id='word_1_193' title='bbox 724 3549 767 3643; x_wconf 80' lang='lat'><strong>⁶),</strong></span> <span class='ocrx_word' id='word_1_194' title='bbox 792 3560 824 3618; x_wconf 89' lang='lat' dir='ltr'><strong>et</strong></span> <span class='ocrx_word' id='word_1_195' title='bbox 840 3575 918 3638; x_wconf 86' lang='lat' dir='ltr'><strong>qnae</strong></span> <span class='ocrx_word' id='word_1_196' title='bbox 935 3575 1004 3616; x_wconf 88' lang='lat' dir='ltr'><strong>oum</strong></span> <span class='ocrx_word' id='word_1_197' title='bbox 1020 3554 1061 3617; x_wconf 88' lang='lat' dir='ltr'><strong>iis</strong></span> <span class='ocrx_word' id='word_1_198' title='bbox 1082 3554 1253 3617; x_wconf 88' lang='lat' dir='ltr'><strong>cohaerent</strong></span> <span class='ocrx_word' id='word_1_199' title='bbox 1277 3575 1336 3617; x_wconf 90' lang='lat' dir='ltr'><strong>no-</strong></span> 
     </span>
     <span class='ocr_line' id='line_1_28' title="bbox 140 3658 1334 3746; baseline 0.002 -22"><span class='ocrx_word' id='word_1_200' title='bbox 140 3660 246 3724; x_wconf 84' lang='lat' dir='ltr'><strong>tiones</strong></span> <span class='ocrx_word' id='word_1_201' title='bbox 264 3658 451 3741; x_wconf 83' lang='lat' dir='ltr'><strong>offioiorum,</strong></span> <span class='ocrx_word' id='word_1_202' title='bbox 469 3682 548 3746; x_wconf 83' lang='lat' dir='ltr'><strong>quae</strong></span> <span class='ocrx_word' id='word_1_203' title='bbox 564 3662 705 3724; x_wconf 87' lang='lat' dir='ltr'><strong>homiues</strong></span> <span class='ocrx_word' id='word_1_204' title='bbox 722 3663 843 3726; x_wconf 90' lang='lat' dir='ltr'><strong>naturis</strong></span> <span class='ocrx_word' id='word_1_205' title='bbox 864 3661 1092 3746; x_wconf 89' lang='lat' dir='ltr'><strong>superioribus,</strong></span> <span class='ocrx_word' id='word_1_206' title='bbox 1117 3661 1239 3746; x_wconf 85' lang='lat' dir='ltr'><strong>sibique</strong></span> <span class='ocrx_word' id='word_1_207' title='bbox 1256 3661 1334 3745; x_wconf 90' lang='lat' dir='ltr'><strong>ipsis</strong></span> 
     </span>
     <span class='ocr_line' id='line_1_29' title="bbox 142 3765 1335 3856; baseline 0.002 -24"><span class='ocrx_word' id='word_1_208' title='bbox 142 3771 174 3832; x_wconf 94' lang='lat' dir='ltr'><strong>et</strong></span> <span class='ocrx_word' id='word_1_209' title='bbox 200 3767 270 3831; x_wconf 91' lang='lat' dir='ltr'><strong>aliie</strong></span> <span class='ocrx_word' id='word_1_210' title='bbox 300 3773 463 3851; x_wconf 87' lang='lat' dir='ltr'><strong>praestare</strong></span> <span class='ocrx_word' id='word_1_211' title='bbox 479 3768 592 3832; x_wconf 88' lang='lat' dir='ltr'><strong>debent</strong></span> <span class='ocrx_word' id='word_1_212' title='bbox 604 3765 653 3856; x_wconf 83' lang='lat'><strong>⁷),</strong></span> <span class='ocrx_word' id='word_1_213' title='bbox 677 3769 908 3834; x_wconf 81' lang='lat' dir='ltr'><strong>diversissimae</strong></span> <span class='ocrx_word' id='word_1_214' title='bbox 930 3769 1212 3854; x_wconf 89' lang='lat' dir='ltr'><strong>deprehenduntur.</strong></span> <span class='ocrx_word' id='word_1_215' title='bbox 1248 3773 1335 3850; x_wconf 76' lang='lat' dir='ltr'><strong>Quae</strong></span> 
     </span>
     <span class='ocr_line' id='line_1_30' title="bbox 142 3875 1335 3965; baseline 0.003 -26"><span class='ocrx_word' id='word_1_216' title='bbox 142 3897 180 3942; x_wconf 93' lang='lat' dir='ltr'><strong>eo</strong></span> <span class='ocrx_word' id='word_1_217' title='bbox 201 3875 300 3960; x_wconf 82' lang='lat' dir='ltr'><strong>magis</strong></span> <span class='ocrx_word' id='word_1_218' title='bbox 316 3877 437 3942; x_wconf 84' lang='lat' dir='ltr'><strong>attendi</strong></span> <span class='ocrx_word' id='word_1_219' title='bbox 453 3877 585 3956; x_wconf 86' lang='lat' dir='ltr'><strong>debent,</strong></span> <span class='ocrx_word' id='word_1_220' title='bbox 609 3900 670 3962; x_wconf 92' lang='lat' dir='ltr'><strong>quo</strong></span> <span class='ocrx_word' id='word_1_221' title='bbox 694 3880 857 3965; x_wconf 79' lang='lat' dir='ltr'><strong>graviores</strong></span> <span class='ocrx_word' id='word_1_222' title='bbox 882 3882 955 3942; x_wconf 88' lang='lat' dir='ltr'><strong>eunt</strong></span> <span class='ocrx_word' id='word_1_223' title='bbox 977 3877 1123 3943; x_wconf 88' lang='lat' dir='ltr'><strong>notiones</strong></span> <span class='ocrx_word' id='word_1_224' title='bbox 1146 3899 1251 3941; x_wconf 88' lang='lat' dir='ltr'><strong>rerum</strong></span> <span class='ocrx_word' id='word_1_225' title='bbox 1275 3877 1335 3942; x_wconf 82' lang='lat' dir='ltr'><strong>bu·</strong></span> 
     </span>
     <span class='ocr_line' id='line_1_31' title="bbox 136 3985 1054 4072; baseline -0.002 -18"><span class='ocrx_word' id='word_1_226' title='bbox 136 3985 193 4070; x_wconf 75' lang='lat' dir='ltr'><strong>juna</strong></span> <span class='ocrx_word' id='word_1_227' title='bbox 208 3986 350 4072; x_wconf 79' lang='lat' dir='ltr'><strong>generis,</strong></span> <span class='ocrx_word' id='word_1_228' title='bbox 367 3991 399 4050; x_wconf 90' lang='lat' dir='ltr'><strong>et</strong></span> <span class='ocrx_word' id='word_1_229' title='bbox 415 4008 477 4070; x_wconf 88' lang='lat' dir='ltr'><strong>quo</strong></span> <span class='ocrx_word' id='word_1_230' title='bbox 493 3987 565 4071; x_wconf 91' lang='lat' dir='ltr'><strong>plue</strong></span> <span class='ocrx_word' id='word_1_231' title='bbox 581 4009 607 4052; x_wconf 86' lang='lat' dir='ltr'><strong>s.</strong></span> <span class='ocrx_word' id='word_1_232' title='bbox 625 3989 792 4071; x_wconf 82' lang='lat' dir='ltr'><strong>Scriptura</strong></span> <span class='ocrx_word' id='word_1_233' title='bbox 808 3989 854 4054; x_wconf 92' lang='lat' dir='ltr'><strong>eis</strong></span> <span class='ocrx_word' id='word_1_234' title='bbox 871 3994 1054 4071; x_wconf 87' lang='lat' dir='ltr'><strong>occupatur.</strong></span> 
     </span>
    </p>

    <p class='ocr_par' dir='ltr' id='par_1_11' title="bbox 136 4095 1335 4728">
     <span class='ocr_line' id='line_1_32' title="bbox 230 4095 1334 4181; baseline -0.002 -19"><span class='ocrx_word' id='word_1_235' title='bbox 230 4099 264 4162; x_wconf 78' lang='lat'><strong>3.</strong></span> <span class='ocrx_word' id='word_1_236' title='bbox 288 4095 444 4159; x_wconf 90' lang='lat' dir='ltr'><strong>Notinues</strong></span> <span class='ocrx_word' id='word_1_237' title='bbox 467 4099 677 4162; x_wconf 69' lang='lat' dir='ltr'><strong>cunctatione</strong></span> <span class='ocrx_word' id='word_1_238' title='bbox 699 4099 738 4161; x_wconf 83' lang='lat' dir='ltr'><strong>ab</strong></span> <span class='ocrx_word' id='word_1_239' title='bbox 762 4098 833 4161; x_wconf 90' lang='lat' dir='ltr'><strong>aliis</strong></span> <span class='ocrx_word' id='word_1_240' title='bbox 856 4098 1050 4178; x_wconf 87' lang='lat' dir='ltr'><strong>acquisitae,</strong></span> <span class='ocrx_word' id='word_1_241' title='bbox 1075 4097 1188 4181; x_wconf 90' lang='lat' dir='ltr'><strong>quibus</strong></span> <span class='ocrx_word' id='word_1_242' title='bbox 1204 4117 1257 4161; x_wconf 91' lang='lat' dir='ltr'><strong>eae</strong></span> <span class='ocrx_word' id='word_1_243' title='bbox 1279 4117 1334 4160; x_wconf 90' lang='lat' dir='ltr'><strong>ac-</strong></span> 
     </span>
     <span class='ocr_line' id='line_1_33' title="bbox 141 4205 1333 4291; baseline 0.003 -25"><span class='ocrx_word' id='word_1_244' title='bbox 141 4223 321 4284; x_wconf 89' lang='lat' dir='ltr'><strong>censemus,</strong></span> <span class='ocrx_word' id='word_1_245' title='bbox 348 4225 443 4288; x_wconf 89' lang='lat' dir='ltr'><strong>quac,</strong></span> <span class='ocrx_word' id='word_1_246' title='bbox 476 4207 615 4289; x_wconf 84' lang='lat' dir='ltr'><strong>quemvis</strong></span> <span class='ocrx_word' id='word_1_247' title='bbox 644 4225 701 4269; x_wconf 89' lang='lat' dir='ltr'><strong>sna</strong></span> <span class='ocrx_word' id='word_1_248' title='bbox 725 4207 857 4291; x_wconf 88' lang='lat' dir='ltr'><strong>quisque</strong></span> <span class='ocrx_word' id='word_1_249' title='bbox 891 4206 1015 4270; x_wconf 90' lang='lat' dir='ltr'><strong>ratione</strong></span> <span class='ocrx_word' id='word_1_250' title='bbox 1038 4205 1124 4288; x_wconf 90' lang='lat' dir='ltr'><strong>ipsas</strong></span> <span class='ocrx_word' id='word_1_251' title='bbox 1148 4205 1207 4268; x_wconf 92' lang='lat' dir='ltr'><strong>sibi</strong></span> <span class='ocrx_word' id='word_1_252' title='bbox 1231 4207 1333 4288; x_wconf 90' lang='lat' dir='ltr'><strong>possit</strong></span> 
     </span>
     <span class='ocr_line' id='line_1_34' title="bbox 138 4313 1332 4396; baseline 0.002 -21"><span class='ocrx_word' id='word_1_253' title='bbox 138 4331 338 4394; x_wconf 87' lang='lat' dir='ltr'><strong>comparare,</strong></span> <span class='ocrx_word' id='word_1_254' title='bbox 358 4319 461 4376; x_wconf 90' lang='lat' dir='ltr'><strong>tamen</strong></span> <span class='ocrx_word' id='word_1_255' title='bbox 484 4313 706 4377; x_wconf 89' lang='lat' dir='ltr'><strong>communicari</strong></span> <span class='ocrx_word' id='word_1_256' title='bbox 733 4315 836 4378; x_wconf 90' lang='lat' dir='ltr'><strong>solent</strong></span> <span class='ocrx_word' id='word_1_257' title='bbox 850 4313 1067 4393; x_wconf 87' lang='lat' dir='ltr'><strong>institutione,</strong></span> <span class='ocrx_word' id='word_1_258' title='bbox 1092 4334 1152 4396; x_wconf 90' lang='lat' dir='ltr'><strong>qua</strong></span> <span class='ocrx_word' id='word_1_259' title='bbox 1179 4313 1229 4376; x_wconf 85' lang='lat' dir='ltr'><strong>vix</strong></span> <span class='ocrx_word' id='word_1_260' title='bbox 1251 4335 1332 4377; x_wconf 89' lang='lat' dir='ltr'><strong>nnus</strong></span> 
     </span>
     <span class='ocr_line' id='line_1_35' title="bbox 136 4420 1331 4504; baseline 0.001 -21"><span class='ocrx_word' id='word_1_261' title='bbox 136 4439 270 4503; x_wconf 88' lang='lat' dir='ltr'><strong>prorsus</strong></span> <span class='ocrx_word' id='word_1_262' title='bbox 286 4421 434 4484; x_wconf 90' lang='lat' dir='ltr'><strong>caruerit.</strong></span> <span class='ocrx_word' id='word_1_263' title='bbox 469 4423 561 4500; x_wconf 77' lang='lat' dir='ltr'><strong>Quod</strong></span> <span class='ocrx_word' id='word_1_264' title='bbox 576 4422 754 4504; x_wconf 88' lang='lat' dir='ltr'><strong>hujusmodi</strong></span> <span class='ocrx_word' id='word_1_265' title='bbox 775 4422 920 4485; x_wconf 87' lang='lat' dir='ltr'><strong>notiones</strong></span> <span class='ocrx_word' id='word_1_266' title='bbox 944 4420 1074 4500; x_wconf 89' lang='lat' dir='ltr'><strong>attinet,</strong></span> <span class='ocrx_word' id='word_1_267' title='bbox 1099 4441 1156 4504; x_wconf 94' lang='lat' dir='ltr'><strong>per</strong></span> <span class='ocrx_word' id='word_1_268' title='bbox 1178 4442 1212 4483; x_wconf 91' lang='lat' dir='ltr'><strong>se</strong></span> <span class='ocrx_word' id='word_1_269' title='bbox 1236 4421 1331 4484; x_wconf 87' lang='lat' dir='ltr'><strong>iutel-</strong></span> 
     </span>
     <span class='ocr_line' id='line_1_36' title="bbox 137 4527 1333 4614; baseline 0 -22"><span class='ocrx_word' id='word_1_270' title='bbox 137 4527 263 4614; x_wconf 77' lang='lat' dir='ltr'><strong>ligitur,</strong></span> <span class='ocrx_word' id='word_1_271' title='bbox 287 4527 439 4612; x_wconf 84' lang='lat' dir='ltr'><strong>mojorem</strong></span> <span class='ocrx_word' id='word_1_272' title='bbox 455 4530 700 4596; x_wconf 87' lang='lat' dir='ltr'><strong>convenientiam</strong></span> <span class='ocrx_word' id='word_1_273' title='bbox 716 4531 954 4613; x_wconf 79' lang='lat' dir='ltr'><strong>exspectandam</strong></span> <span class='ocrx_word' id='word_1_274' title='bbox 971 4548 1057 4606; x_wconf 86' lang='lat' dir='ltr'><strong>esse,</strong></span> <span class='ocrx_word' id='word_1_275' title='bbox 1082 4529 1109 4591; x_wconf 89' lang='lat' dir='ltr'><strong>si</strong></span> <span class='ocrx_word' id='word_1_276' title='bbox 1127 4547 1245 4607; x_wconf 90' lang='lat' dir='ltr'><strong>eorum,</strong></span> <span class='ocrx_word' id='word_1_277' title='bbox 1261 4533 1333 4592; x_wconf 88' lang='lat' dir='ltr'><strong>utut</strong></span> 
     </span>
     <span class='ocr_line' id='line_1_37' title="bbox 138 4621 1335 4728; baseline 0.001 -28"><span class='ocrx_word' id='word_1_278' title='bbox 138 4635 286 4720; x_wconf 83' lang='lat' dir='ltr'><strong>plurium,</strong></span> <span class='ocrx_word' id='word_1_279' title='bbox 303 4635 416 4722; x_wconf 86' lang='lat' dir='ltr'><strong>quibus</strong></span> <span class='ocrx_word' id='word_1_280' title='bbox 431 4636 516 4720; x_wconf 84' lang='lat' dir='ltr'><strong>ipsas</strong></span> <span class='ocrx_word' id='word_1_281' title='bbox 533 4638 563 4702; x_wconf 92' lang='lat' dir='ltr'><strong>in</strong></span> <span class='ocrx_word' id='word_1_282' title='bbox 579 4637 720 4721; x_wconf 88' lang='lat' dir='ltr'><strong>acceptis</strong></span> <span class='ocrx_word' id='word_1_283' title='bbox 736 4637 911 4717; x_wconf 79' lang='lat' dir='ltr'><strong>referimus,</strong></span> <span class='ocrx_word' id='word_1_284' title='bbox 927 4658 1007 4702; x_wconf 91' lang='lat' dir='ltr'><strong>unus</strong></span> <span class='ocrx_word' id='word_1_285' title='bbox 1019 4635 1115 4700; x_wconf 86' lang='lat' dir='ltr'><strong>luerit</strong></span> <span class='ocrx_word' id='word_1_286' title='bbox 1129 4621 1335 4728; x_wconf 82' lang='lat' dir='ltr'><strong>magister⁸).</strong></span> 
     </span>
    </p>
   </div>
   <div class='ocr_carea' id='block_1_7' title="bbox 0 0 1550 5286">
    <p class='ocr_par' dir='ltr' id='par_1_12' title="bbox 0 0 1550 5286">
     <span class='ocr_line' id='line_1_38' title="bbox 0 0 1550 5286; baseline 0 0"><span class='ocrx_word' id='word_1_287' title='bbox 0 0 1550 5286; x_wconf 95' lang='lat' dir='ltr'><strong> </strong></span> 
     </span>
    </p>
   </div>
  </div>
 </body>
</html>
