<?xml version="1.0" encoding="UTF-8"?>
<!DOCTYPE html PUBLIC "-//W3C//DTD XHTML 1.0 Transitional//EN"
    "http://www.w3.org/TR/xhtml1/DTD/xhtml1-transitional.dtd">
<html xmlns="http://www.w3.org/1999/xhtml" xml:lang="en" lang="en">
 <head>
  <title>
</title>
<meta http-equiv="Content-Type" content="text/html;charset=utf-8" />
  <meta name='ocr-system' content='tesseract 3.04.00' />
  <meta name='ocr-capabilities' content='ocr_page ocr_carea ocr_par ocr_line ocrx_word'/>
</head>
<body>
  <div class='ocr_page' id='page_1' title='image "./hermeneuticabib00kohlgoog_0290.png"; bbox 0 0 3112 5284; ppageno 0'>
   <div class='ocr_carea' id='block_1_1' title="bbox 1224 401 1304 476">
    <p class='ocr_par' dir='ltr' id='par_1_1' title="bbox 1224 401 1304 476">
     <span class='ocr_line' id='line_1_1' title="bbox 1224 401 1304 476; baseline -0.05 1"><span class='ocrx_word' id='word_1_1' title='bbox 1224 401 1304 476; x_wconf 76' lang='grc'><strong>265</strong></span> 
     </span>
    </p>
   </div>
   <div class='ocr_carea' id='block_1_2' title="bbox 106 579 1304 2078">
    <p class='ocr_par' dir='ltr' id='par_1_2' title="bbox 107 579 1304 1644">
     <span class='ocr_line' id='line_1_2' title="bbox 111 579 1304 666; baseline 0 -24"><span class='ocrx_word' id='word_1_2' title='bbox 111 580 322 644; x_wconf 86' lang='lat' dir='ltr'><strong>directricem·</strong></span> <span class='ocrx_word' id='word_1_3' title='bbox 339 579 552 661; x_wconf 88' lang='lat' dir='ltr'><strong>constituunt,</strong></span> <span class='ocrx_word' id='word_1_4' title='bbox 581 580 705 664; x_wconf 89' lang='lat' dir='ltr'><strong>quando</strong></span> <span class='ocrx_word' id='word_1_5' title='bbox 728 582 819 646; x_wconf 85' lang='lat' dir='ltr'><strong>locos</strong></span> <span class='ocrx_word' id='word_1_6' title='bbox 835 583 880 646; x_wconf 85' lang='lat' dir='ltr'><strong>ud</strong></span> <span class='ocrx_word' id='word_1_7' title='bbox 903 581 1002 666; x_wconf 78' lang='lat' dir='ltr'><strong>fidem</strong></span> <span class='ocrx_word' id='word_1_8' title='bbox 1016 598 1189 660; x_wconf 80' lang='lat' dir='ltr'><strong>morerque</strong></span> <span class='ocrx_word' id='word_1_9' title='bbox 1204 598 1304 661; x_wconf 84' lang='lat' dir='ltr'><strong>epec-</strong></span> 
     </span>
     <span class='ocr_line' id='line_1_3' title="bbox 109 685 1304 772; baseline -0.004 -19"><span class='ocrx_word' id='word_1_10' title='bbox 109 699 219 756; x_wconf 84' lang='lat' dir='ltr'><strong>tontes</strong></span> <span class='ocrx_word' id='word_1_11' title='bbox 232 689 470 772; x_wconf 67' lang='lat' dir='ltr'><strong>Apostolorum</strong></span> <span class='ocrx_word' id='word_1_12' title='bbox 479 689 732 771; x_wconf 80' lang='lat' dir='ltr'><strong>praedicatione</strong></span> <span class='ocrx_word' id='word_1_13' title='bbox 745 692 855 754; x_wconf 80' lang='lat' dir='ltr'><em>edocti</em></span> <span class='ocrx_word' id='word_1_14' title='bbox 870 695 1044 772; x_wconf 76' lang='lat' dir='ltr'><strong>exponunt3</strong></span> <span class='ocrx_word' id='word_1_15' title='bbox 1061 690 1092 752; x_wconf 92' lang='lat' dir='ltr'><strong>in</strong></span> <span class='ocrx_word' id='word_1_16' title='bbox 1109 685 1304 772; x_wconf 85' lang='lat' dir='ltr'><strong>quaestioni-</strong></span> 
     </span>
     <span class='ocr_line' id='line_1_4' title="bbox 110 794 1304 882; baseline -0.005 -21"><span class='ocrx_word' id='word_1_17' title='bbox 110 798 171 862; x_wconf 87' lang='lat' dir='ltr'><strong>bus</strong></span> <span class='ocrx_word' id='word_1_18' title='bbox 182 802 286 862; x_wconf 85' lang='lat' dir='ltr'><strong>autem</strong></span> <span class='ocrx_word' id='word_1_19' title='bbox 299 796 451 882; x_wconf 77' lang='lat' dir='ltr'>physicis,</span> <span class='ocrx_word' id='word_1_20' title='bbox 468 797 673 881; x_wconf 72' lang='lat' dir='ltr'><strong>astrologicis</strong></span> <span class='ocrx_word' id='word_1_21' title='bbox 688 797 822 882; x_wconf 84' lang='lat' dir='ltr'><strong>aliisque</strong></span> <span class='ocrx_word' id='word_1_22' title='bbox 837 797 1015 881; x_wconf 84' lang='lat' dir='ltr'><strong>hujusmodi</strong></span> <span class='ocrx_word' id='word_1_23' title='bbox 1026 799 1131 876; x_wconf 86' lang='lat' dir='ltr'><strong>rebus,</strong></span> <span class='ocrx_word' id='word_1_24' title='bbox 1142 797 1175 859; x_wconf 88' lang='lat' dir='ltr'><strong>in</strong></span> <span class='ocrx_word' id='word_1_25' title='bbox 1191 794 1304 878; x_wconf 85' lang='lat' dir='ltr'><strong>quibus</strong></span> 
     </span>
     <span class='ocr_line' id='line_1_5' title="bbox 110 901 1303 991; baseline -0.005 -21"><span class='ocrx_word' id='word_1_26' title='bbox 110 927 131 970; x_wconf 90' lang='lat' dir='ltr'><strong>a</strong></span> <span class='ocrx_word' id='word_1_27' title='bbox 145 905 277 991; x_wconf 88' lang='lat' dir='ltr'><strong>propria</strong></span> <span class='ocrx_word' id='word_1_28' title='bbox 292 905 425 970; x_wconf 87' lang='lat' dir='ltr'><strong>scientia</strong></span> <span class='ocrx_word' id='word_1_29' title='bbox 440 911 474 969; x_wconf 87' lang='lat' dir='ltr'><strong>ct</strong></span> <span class='ocrx_word' id='word_1_30' title='bbox 488 905 664 970; x_wconf 75' lang='lat' dir='ltr'><strong>eruditione</strong></span> <span class='ocrx_word' id='word_1_31' title='bbox 680 907 827 989; x_wconf 82' lang='lat' dir='ltr'><strong>pendent,</strong></span> <span class='ocrx_word' id='word_1_32' title='bbox 844 927 952 971; x_wconf 87' lang='lat' dir='ltr'><strong>eorum</strong></span> <span class='ocrx_word' id='word_1_33' title='bbox 967 906 1139 971; x_wconf 81' lang='lat' dir='ltr'><strong>auctoritas</strong></span> <span class='ocrx_word' id='word_1_34' title='bbox 1155 925 1216 968; x_wconf 89' lang='lat' dir='ltr'><strong>non</strong></span> <span class='ocrx_word' id='word_1_35' title='bbox 1232 901 1303 986; x_wconf 87' lang='lat' dir='ltr'><strong>plus</strong></span> 
     </span>
     <span class='ocr_line' id='line_1_6' title="bbox 111 1007 1304 1100; baseline -0.003 -23"><span class='ocrx_word' id='word_1_36' title='bbox 111 1015 212 1094; x_wconf 85' lang='lat' dir='ltr'><strong>valet,</strong></span> <span class='ocrx_word' id='word_1_37' title='bbox 238 1034 329 1097; x_wconf 91' lang='lat' dir='ltr'><strong>quam</strong></span> <span class='ocrx_word' id='word_1_38' title='bbox 347 1033 455 1077; x_wconf 78' lang='lat' dir='ltr'><strong>ectum</strong></span> <span class='ocrx_word' id='word_1_39' title='bbox 471 1007 604 1100; x_wconf 85' lang='lat' dir='ltr'><strong>ratio¹).</strong></span> <span class='ocrx_word' id='word_1_40' title='bbox 627 1013 708 1078; x_wconf 86' lang='lat' dir='ltr'><strong>llinc</strong></span> <span class='ocrx_word' id='word_1_41' title='bbox 732 1019 801 1094; x_wconf 84' lang='lat' dir='ltr'><strong>est,</strong></span> <span class='ocrx_word' id='word_1_42' title='bbox 818 1015 901 1098; x_wconf 91' lang='lat' dir='ltr'><strong>quud</strong></span> <span class='ocrx_word' id='word_1_43' title='bbox 922 1035 967 1078; x_wconf 92' lang='lat' dir='ltr'><strong>ss.</strong></span> <span class='ocrx_word' id='word_1_44' title='bbox 988 1016 1098 1078; x_wconf 87' lang='lat' dir='ltr'><strong>Patres</strong></span> <span class='ocrx_word' id='word_1_45' title='bbox 1114 1012 1179 1096; x_wconf 84' lang='lat' dir='ltr'><strong>ipsi</strong></span> <span class='ocrx_word' id='word_1_46' title='bbox 1192 1011 1304 1098; x_wconf 81' lang='lat' dir='ltr'><strong>genui-</strong></span> 
     </span>
     <span class='ocr_line' id='line_1_7' title="bbox 107 1120 1303 1207; baseline -0.001 -22"><span class='ocrx_word' id='word_1_47' title='bbox 107 1143 181 1186; x_wconf 89' lang='lat' dir='ltr'><strong>nam</strong></span> <span class='ocrx_word' id='word_1_48' title='bbox 198 1122 359 1188; x_wconf 88' lang='lat' dir='ltr'><strong>doctrinae</strong></span> <span class='ocrx_word' id='word_1_49' title='bbox 375 1120 508 1186; x_wconf 75' lang='lat' dir='ltr'><strong>biblicae</strong></span> <span class='ocrx_word' id='word_1_50' title='bbox 526 1122 753 1204; x_wconf 79' lang='lat' dir='ltr'><strong>expositionem</strong></span> <span class='ocrx_word' id='word_1_51' title='bbox 765 1145 834 1187; x_wconf 86' lang='lat' dir='ltr'><strong>curn</strong></span> <span class='ocrx_word' id='word_1_52' title='bbox 848 1125 992 1207; x_wconf 89' lang='lat' dir='ltr'><strong>deposito</strong></span> <span class='ocrx_word' id='word_1_53' title='bbox 1008 1121 1083 1188; x_wconf 85' lang='lat' dir='ltr'><strong>lidci</strong></span> <span class='ocrx_word' id='word_1_54' title='bbox 1098 1123 1206 1186; x_wconf 87' lang='lat' dir='ltr'><strong>intimo</strong></span> <span class='ocrx_word' id='word_1_55' title='bbox 1223 1141 1303 1184; x_wconf 86' lang='lat' dir='ltr'><strong>nexu</strong></span> 
     </span>
     <span class='ocr_line' id='line_1_8' title="bbox 111 1230 1302 1316; baseline -0.002 -20"><span class='ocrx_word' id='word_1_56' title='bbox 111 1231 310 1315; x_wconf 85' lang='lat' dir='ltr'><strong>conjunctam</strong></span> <span class='ocrx_word' id='word_1_57' title='bbox 329 1247 400 1294; x_wconf 86' lang='lat' dir='ltr'><strong>esse</strong></span> <span class='ocrx_word' id='word_1_58' title='bbox 417 1235 580 1309; x_wconf 86' lang='lat' dir='ltr'><strong>asserant,</strong></span> <span class='ocrx_word' id='word_1_59' title='bbox 608 1235 641 1294; x_wconf 90' lang='lat' dir='ltr'><strong>et</strong></span> <span class='ocrx_word' id='word_1_60' title='bbox 660 1231 807 1316; x_wconf 77' lang='lat' dir='ltr'><strong>Synodur</strong></span> <span class='ocrx_word' id='word_1_61' title='bbox 823 1233 1007 1298; x_wconf 77' lang='lat' dir='ltr'><strong>Tridentino</strong></span> <span class='ocrx_word' id='word_1_62' title='bbox 1029 1232 1130 1296; x_wconf 89' lang='lat' dir='ltr'><strong>solum</strong></span> <span class='ocrx_word' id='word_1_63' title='bbox 1153 1230 1186 1294; x_wconf 90' lang='lat' dir='ltr'><strong>in</strong></span> <span class='ocrx_word' id='word_1_64' title='bbox 1208 1231 1302 1296; x_wconf 90' lang='lat' dir='ltr'><strong>rebus</strong></span> 
     </span>
     <span class='ocr_line' id='line_1_9' title="bbox 113 1336 1304 1423; baseline -0.001 -21"><span class='ocrx_word' id='word_1_65' title='bbox 113 1337 191 1404; x_wconf 87' lang='lat' dir='ltr'><strong>lidei</strong></span> <span class='ocrx_word' id='word_1_66' title='bbox 215 1343 389 1402; x_wconf 84' lang='lat' dir='ltr'><strong>utmorem</strong></span> <span class='ocrx_word' id='word_1_67' title='bbox 420 1339 460 1400; x_wconf 91' lang='lat' dir='ltr'><strong>ad</strong></span> <span class='ocrx_word' id='word_1_68' title='bbox 487 1336 735 1404; x_wconf 76' lang='lat' dir='ltr'><strong>aedificationem</strong></span> <span class='ocrx_word' id='word_1_69' title='bbox 751 1340 912 1406; x_wconf 90' lang='lat' dir='ltr'><strong>doctrinae</strong></span> <span class='ocrx_word' id='word_1_70' title='bbox 936 1340 1124 1406; x_wconf 77' lang='lat' dir='ltr'><strong>christianae</strong></span> <span class='ocrx_word' id='word_1_71' title='bbox 1144 1337 1304 1423; x_wconf 84' lang='lat' dir='ltr'><strong>pertiuen-</strong></span> 
     </span>
     <span class='ocr_line' id='line_1_10' title="bbox 108 1445 1301 1533; baseline -0.002 -21"><span class='ocrx_word' id='word_1_72' title='bbox 108 1447 190 1512; x_wconf 86' lang='lat' dir='ltr'><strong>tium</strong></span> <span class='ocrx_word' id='word_1_73' title='bbox 206 1448 288 1512; x_wconf 89' lang='lat' dir='ltr'><strong>sieut</strong></span> <span class='ocrx_word' id='word_1_74' title='bbox 300 1447 339 1510; x_wconf 90' lang='lat' dir='ltr'><strong>ad</strong></span> <span class='ocrx_word' id='word_1_75' title='bbox 351 1445 525 1512; x_wconf 74' lang='lat' dir='ltr'><strong>Ecclesiam</strong></span> <span class='ocrx_word' id='word_1_76' title='bbox 540 1446 584 1511; x_wconf 90' lang='lat' dir='ltr'><strong>ita</strong></span> <span class='ocrx_word' id='word_1_77' title='bbox 597 1448 691 1512; x_wconf 87' lang='lat' dir='ltr'><strong>etiam</strong></span> <span class='ocrx_word' id='word_1_78' title='bbox 707 1449 747 1512; x_wconf 91' lang='lat' dir='ltr'><strong>ad</strong></span> <span class='ocrx_word' id='word_1_79' title='bbox 762 1449 873 1514; x_wconf 85' lang='lat' dir='ltr'><strong>Patres</strong></span> <span class='ocrx_word' id='word_1_80' title='bbox 890 1448 1099 1533; x_wconf 88' lang='lat' dir='ltr'><strong>interpretis.</strong></span> <span class='ocrx_word' id='word_1_81' title='bbox 1116 1447 1301 1530; x_wconf 87' lang='lat' dir='ltr'><strong>Scripturas</strong></span> 
     </span>
     <span class='ocr_line' id='line_1_11' title="bbox 108 1556 859 1644; baseline 0 -22"><span class='ocrx_word' id='word_1_82' title='bbox 108 1556 342 1641; x_wconf 86' lang='lat' dir='ltr'><strong>respiciendum</strong></span> <span class='ocrx_word' id='word_1_83' title='bbox 358 1575 429 1622; x_wconf 82' lang='lat' dir='ltr'><strong>esse</strong></span> <span class='ocrx_word' id='word_1_84' title='bbox 445 1561 562 1620; x_wconf 86' lang='lat' dir='ltr'><strong>statuat</strong></span> <span class='ocrx_word' id='word_1_85' title='bbox 579 1556 651 1644; x_wconf 71' lang='lat' dir='ltr'><strong>(ss.</strong></span> <span class='ocrx_word' id='word_1_86' title='bbox 670 1559 746 1624; x_wconf 72' lang='lat' dir='ltr'><strong>ltt.</strong></span> <span class='ocrx_word' id='word_1_87' title='bbox 766 1556 859 1644; x_wconf 77' lang='lat' dir='ltr'><strong>lec).</strong></span> 
     </span>
    </p>

    <p class='ocr_par' dir='ltr' id='par_1_3' title="bbox 10 1663 1301 2082">
     <span class='ocr_line' id='line_1_12' title="bbox 201 1663 1300 1747; baseline -0.002 -17"><span class='ocrx_word' id='word_1_88' title='bbox 201 1663 273 1730; x_wconf 89' lang='lat' dir='ltr'><strong>Non</strong></span> <span class='ocrx_word' id='word_1_89' title='bbox 288 1664 422 1730; x_wconf 89' lang='lat' dir='ltr'><strong>minoris</strong></span> <span class='ocrx_word' id='word_1_90' title='bbox 437 1664 470 1726; x_wconf 92' lang='lat' dir='ltr'><strong>in</strong></span> <span class='ocrx_word' id='word_1_91' title='bbox 485 1664 748 1747; x_wconf 82' lang='lat' dir='ltr'><strong>interpretatione</strong></span> <span class='ocrx_word' id='word_1_92' title='bbox 771 1687 815 1731; x_wconf 89' lang='lat' dir='ltr'><strong>ss.</strong></span> <span class='ocrx_word' id='word_1_93' title='bbox 832 1669 959 1730; x_wconf 85' lang='lat' dir='ltr'><strong>Petrum</strong></span> <span class='ocrx_word' id='word_1_94' title='bbox 982 1664 1132 1729; x_wconf 88' lang='lat' dir='ltr'><strong>momenti</strong></span> <span class='ocrx_word' id='word_1_95' title='bbox 1153 1669 1203 1730; x_wconf 88' lang='lat' dir='ltr'><strong>est</strong></span> <span class='ocrx_word' id='word_1_96' title='bbox 1223 1667 1300 1728; x_wconf 84' lang='lat' dir='ltr'><strong>uui·</strong></span> 
     </span>
     <span class='ocr_line' id='line_1_13' title="bbox 106 1771 1301 1859; baseline -0.005 -17"><span class='ocrx_word' id='word_1_97' title='bbox 106 1777 256 1842; x_wconf 75' lang='lat' dir='ltr'><strong>cereolis</strong></span> <span class='ocrx_word' id='word_1_98' title='bbox 267 1784 298 1840; x_wconf 84' lang='lat' dir='ltr'><strong>et</strong></span> <span class='ocrx_word' id='word_1_99' title='bbox 311 1777 481 1840; x_wconf 77' lang='lat' dir='ltr'><strong>unanimis</strong></span> <span class='ocrx_word' id='word_1_100' title='bbox 496 1795 691 1842; x_wconf 75' lang='lat' dir='ltr'><strong>commuue.</strong></span> <span class='ocrx_word' id='word_1_101' title='bbox 714 1776 843 1854; x_wconf 79' lang='lat' dir='ltr'><strong>Quande</strong></span> <span class='ocrx_word' id='word_1_102' title='bbox 860 1775 941 1838; x_wconf 87' lang='lat' dir='ltr'><strong>enim</strong></span> <span class='ocrx_word' id='word_1_103' title='bbox 956 1775 989 1838; x_wconf 91' lang='lat' dir='ltr'><strong>in</strong></span> <span class='ocrx_word' id='word_1_104' title='bbox 1005 1773 1193 1859; x_wconf 77' lang='lat' dir='ltr'><strong>exponendis</strong></span> <span class='ocrx_word' id='word_1_105' title='bbox 1207 1771 1301 1854; x_wconf 88' lang='lat' dir='ltr'><strong>locis,</strong></span> 
     </span>
     <span class='ocr_line' id='line_1_14' title="bbox 113 1880 1299 1969; baseline -0.004 -22"><span class='ocrx_word' id='word_1_106' title='bbox 113 1884 169 1969; x_wconf 91' lang='lat' dir='ltr'><strong>qui</strong></span> <span class='ocrx_word' id='word_1_107' title='bbox 185 1885 224 1947; x_wconf 89' lang='lat' dir='ltr'><strong>ad</strong></span> <span class='ocrx_word' id='word_1_108' title='bbox 240 1884 385 1968; x_wconf 76' lang='lat' dir='ltr'><strong>dogmata</strong></span> <span class='ocrx_word' id='word_1_109' title='bbox 401 1887 563 1966; x_wconf 85' lang='lat' dir='ltr'><strong>spectant,</strong></span> <span class='ocrx_word' id='word_1_110' title='bbox 581 1885 693 1948; x_wconf 88' lang='lat' dir='ltr'><strong>Patres</strong></span> <span class='ocrx_word' id='word_1_111' title='bbox 709 1901 815 1948; x_wconf 86' lang='lat' dir='ltr'><strong>omnes</strong></span> <span class='ocrx_word' id='word_1_112' title='bbox 830 1882 927 1946; x_wconf 88' lang='lat' dir='ltr'><strong>unitis</strong></span> <span class='ocrx_word' id='word_1_113' title='bbox 941 1880 1100 1967; x_wconf 80' lang='lat' dir='ltr'><strong>suffragiis</strong></span> <span class='ocrx_word' id='word_1_114' title='bbox 1117 1885 1299 1962; x_wconf 79' lang='lat' dir='ltr'><strong>consonant,</strong></span> 
     </span>
     <span class='ocr_line' id='line_1_15' title="bbox 106 1987 1299 2078; baseline -0.004 -23.372"><span class='ocrx_word' id='word_1_115' title='bbox 106 1991 336 2074; x_wconf 82' lang='lat' dir='ltr'><strong>Apostolorum</strong></span> <span class='ocrx_word' id='word_1_116' title='bbox 356 1990 513 2056; x_wconf 87' lang='lat' dir='ltr'><strong>institutio</strong></span> <span class='ocrx_word' id='word_1_117' title='bbox 536 1990 702 2056; x_wconf 77' lang='lat' dir='ltr'><strong>manifesto</strong></span> <span class='ocrx_word' id='word_1_118' title='bbox 725 1990 939 2078; x_wconf 77' lang='lat' dir='ltr'><strong>cognoscitur.</strong></span> <span class='ocrx_word' id='word_1_119' title='bbox 966 1989 1115 2053; x_wconf 85' lang='lat' dir='ltr'><strong>Proiecto</strong></span> <span class='ocrx_word' id='word_1_120' title='bbox 1132 1987 1206 2052; x_wconf 86' lang='lat' dir='ltr'><strong>talis</strong></span> <span class='ocrx_word' id='word_1_121' title='bbox 1223 2009 1299 2052; x_wconf 91' lang='lat' dir='ltr'><strong>con-</strong></span> 
     </span>
    </p>
   </div>
   <div class='ocr_carea' id='block_1_3' title="bbox 10 2097 1296 2296">
    <p class='ocr_par' dir='ltr' id='par_1_4' title="bbox 10 2097 1296 2296">
     <span class='ocr_line' id='line_1_16' title="bbox 10 2097 1295 2186; baseline -0.002 -22"><span class='ocrx_word' id='word_1_122' title='bbox 10 2147 11 2176; x_wconf 82' lang='lat'><strong>,</strong></span> <span class='ocrx_word' id='word_1_123' title='bbox 107 2119 220 2164; x_wconf 89' lang='lat' dir='ltr'><strong>sensus</strong></span> <span class='ocrx_word' id='word_1_124' title='bbox 235 2099 391 2180; x_wconf 85' lang='lat' dir='ltr'><strong>virorum,</strong></span> <span class='ocrx_word' id='word_1_125' title='bbox 408 2101 462 2184; x_wconf 93' lang='lat' dir='ltr'><strong>qui</strong></span> <span class='ocrx_word' id='word_1_126' title='bbox 477 2100 619 2186; x_wconf 83' lang='lat' dir='ltr'><strong>ingenio,</strong></span> <span class='ocrx_word' id='word_1_127' title='bbox 636 2101 730 2164; x_wconf 84' lang='lat' dir='ltr'><strong>animi</strong></span> <span class='ocrx_word' id='word_1_128' title='bbox 747 2099 880 2181; x_wconf 83' lang='lat' dir='ltr'><strong>cultura,</strong></span> <span class='ocrx_word' id='word_1_129' title='bbox 897 2098 1033 2182; x_wconf 69' lang='lat' dir='ltr'><strong>undena,</strong></span> <span class='ocrx_word' id='word_1_130' title='bbox 1051 2102 1155 2162; x_wconf 84' lang='lat' dir='ltr'><strong>aetate</strong></span> <span class='ocrx_word' id='word_1_131' title='bbox 1170 2102 1202 2162; x_wconf 92' lang='lat' dir='ltr'><strong>et</strong></span> <span class='ocrx_word' id='word_1_132' title='bbox 1221 2097 1295 2162; x_wconf 89' lang='lat' dir='ltr'><strong>loco</strong></span> 
     </span>
     <span class='ocr_line' id='line_1_17' title="bbox 10 2206 1296 2296; baseline 0.002 -28"><span class='ocrx_word' id='word_1_133' title='bbox 10 2239 12 2268; x_wconf 70' lang='grc' dir='ltr'><strong>ι</strong></span> <span class='ocrx_word' id='word_1_134' title='bbox 106 2210 146 2274; x_wconf 92' lang='lat' dir='ltr'><strong>ab</strong></span> <span class='ocrx_word' id='word_1_135' title='bbox 156 2209 289 2274; x_wconf 82' lang='lat' dir='ltr'><strong>invicem</strong></span> <span class='ocrx_word' id='word_1_136' title='bbox 302 2209 381 2274; x_wconf 81' lang='lat' dir='ltr'><strong>adeo</strong></span> <span class='ocrx_word' id='word_1_137' title='bbox 394 2209 564 2292; x_wconf 89' lang='lat' dir='ltr'><strong>distabant,</strong></span> <span class='ocrx_word' id='word_1_138' title='bbox 581 2231 619 2274; x_wconf 90' lang='lat' dir='ltr'><strong>ex</strong></span> <span class='ocrx_word' id='word_1_139' title='bbox 634 2210 773 2290; x_wconf 88' lang='lat' dir='ltr'><strong>ipsorum</strong></span> <span class='ocrx_word' id='word_1_140' title='bbox 786 2207 998 2296; x_wconf 78' lang='lat' dir='ltr'><strong>intelligentia</strong></span> <span class='ocrx_word' id='word_1_141' title='bbox 1009 2206 1158 2292; x_wconf 86' lang='lat' dir='ltr'><strong>explicari</strong></span> <span class='ocrx_word' id='word_1_142' title='bbox 1171 2206 1296 2270; x_wconf 89' lang='lat' dir='ltr'><strong>minime</strong></span> 
     </span>
    </p>
   </div>
   <div class='ocr_carea' id='block_1_4' title="bbox 105 2315 1298 2728">
    <p class='ocr_par' dir='ltr' id='par_1_5' title="bbox 105 2315 1298 2620">
     <span class='ocr_line' id='line_1_18' title="bbox 105 2315 1298 2402; baseline -0.002 -20"><span class='ocrx_word' id='word_1_143' title='bbox 105 2322 229 2402; x_wconf 87' lang='lat' dir='ltr'><strong>potest,</strong></span> <span class='ocrx_word' id='word_1_144' title='bbox 245 2317 302 2382; x_wconf 90' lang='lat' dir='ltr'><strong>sed</strong></span> <span class='ocrx_word' id='word_1_145' title='bbox 317 2317 498 2383; x_wconf 85' lang='lat' dir='ltr'><strong>necessario</strong></span> <span class='ocrx_word' id='word_1_146' title='bbox 513 2339 553 2384; x_wconf 88' lang='lat' dir='ltr'><strong>cx</strong></span> <span class='ocrx_word' id='word_1_147' title='bbox 567 2319 677 2384; x_wconf 89' lang='lat' dir='ltr'><strong>eodem</strong></span> <span class='ocrx_word' id='word_1_148' title='bbox 697 2317 878 2383; x_wconf 83' lang='lat' dir='ltr'><strong>traditionis</strong></span> <span class='ocrx_word' id='word_1_149' title='bbox 893 2317 1104 2402; x_wconf 87' lang='lat' dir='ltr'><strong>apostolicae,</strong></span> <span class='ocrx_word' id='word_1_150' title='bbox 1127 2336 1218 2399; x_wconf 88' lang='lat' dir='ltr'><strong>quam</strong></span> <span class='ocrx_word' id='word_1_151' title='bbox 1234 2315 1298 2380; x_wconf 79' lang='lat' dir='ltr'><strong>Ec·</strong></span> 
     </span>
     <span class='ocr_line' id='line_1_19' title="bbox 106 2424 1297 2510; baseline -0.002 -21"><span class='ocrx_word' id='word_1_152' title='bbox 106 2425 204 2490; x_wconf 85' lang='lat' dir='ltr'><strong>clesia</strong></span> <span class='ocrx_word' id='word_1_153' title='bbox 220 2425 359 2510; x_wconf 83' lang='lat' dir='ltr'><strong>Spiritus</strong></span> <span class='ocrx_word' id='word_1_154' title='bbox 375 2444 402 2489; x_wconf 90' lang='lat' dir='ltr'><strong>s.</strong></span> <span class='ocrx_word' id='word_1_155' title='bbox 416 2425 531 2492; x_wconf 89' lang='lat' dir='ltr'><strong>auxilie</strong></span> <span class='ocrx_word' id='word_1_156' title='bbox 547 2425 653 2510; x_wconf 82' lang='lat' dir='ltr'><strong>adjuta</strong></span> <span class='ocrx_word' id='word_1_157' title='bbox 663 2425 878 2492; x_wconf 84' lang='lat' dir='ltr'><strong>intemeratam</strong></span> <span class='ocrx_word' id='word_1_158' title='bbox 893 2444 1018 2508; x_wconf 86' lang='lat' dir='ltr'><strong>semper</strong></span> <span class='ocrx_word' id='word_1_159' title='bbox 1034 2424 1192 2506; x_wconf 85' lang='lat' dir='ltr'><strong>custodit,</strong></span> <span class='ocrx_word' id='word_1_160' title='bbox 1208 2424 1297 2488; x_wconf 84' lang='lat' dir='ltr'><strong>lente</strong></span> 
     </span>
     <span class='ocr_line' id='line_1_20' title="bbox 106 2531 476 2620; baseline 0 -20"><span class='ocrx_word' id='word_1_161' title='bbox 106 2535 267 2602; x_wconf 87' lang='lat' dir='ltr'><strong>derivatus</strong></span> <span class='ocrx_word' id='word_1_162' title='bbox 283 2531 476 2620; x_wconf 52' lang='lat' dir='ltr'><strong>creditam).</strong></span> 
     </span>
    </p>

    <p class='ocr_par' dir='ltr' id='par_1_6' title="bbox 196 2642 1296 2728">
     <span class='ocr_line' id='line_1_21' title="bbox 196 2642 1296 2728; baseline 0 -22"><span class='ocrx_word' id='word_1_163' title='bbox 196 2643 317 2723; x_wconf 79' lang='lat' dir='ltr'><strong>Quodsi</strong></span> <span class='ocrx_word' id='word_1_164' title='bbox 332 2643 512 2725; x_wconf 84' lang='lat' dir='ltr'><strong>quaeritur,</strong></span> <span class='ocrx_word' id='word_1_165' title='bbox 535 2663 597 2728; x_wconf 91' lang='lat' dir='ltr'><strong>qua</strong></span> <span class='ocrx_word' id='word_1_166' title='bbox 611 2643 733 2708; x_wconf 88' lang='lat' dir='ltr'><strong>ratione</strong></span> <span class='ocrx_word' id='word_1_167' title='bbox 750 2643 801 2708; x_wconf 91' lang='lat' dir='ltr'><strong>bic</strong></span> <span class='ocrx_word' id='word_1_168' title='bbox 816 2661 1009 2725; x_wconf 87' lang='lat' dir='ltr'><strong>cousensus,</strong></span> <span class='ocrx_word' id='word_1_169' title='bbox 1036 2663 1127 2724; x_wconf 88' lang='lat' dir='ltr'><strong>quern</strong></span> <span class='ocrx_word' id='word_1_170' title='bbox 1142 2642 1173 2704; x_wconf 89' lang='lat' dir='ltr'><strong>in</strong></span> <span class='ocrx_word' id='word_1_171' title='bbox 1192 2642 1296 2706; x_wconf 86' lang='lat' dir='ltr'><strong>Patri·</strong></span> 
     </span>
    </p>
   </div>
   <div class='ocr_carea' id='block_1_5' title="bbox 9 2750 1296 2834">
    <p class='ocr_par' dir='ltr' id='par_1_7' title="bbox 9 2750 1296 2834">
     <span class='ocr_line' id='line_1_22' title="bbox 9 2750 1296 2834; baseline -0.002 -18"><span class='ocrx_word' id='word_1_172' title='bbox 9 2783 10 2792; x_wconf 45' lang='lat'><em>*</em></span> <span class='ocrx_word' id='word_1_173' title='bbox 104 2753 163 2816; x_wconf 89' lang='lat' dir='ltr'><strong>bus</strong></span> <span class='ocrx_word' id='word_1_174' title='bbox 179 2752 218 2816; x_wconf 89' lang='lat' dir='ltr'><strong>ad</strong></span> <span class='ocrx_word' id='word_1_175' title='bbox 233 2751 442 2816; x_wconf 81' lang='lat' dir='ltr'><strong>authenticam</strong></span> <span class='ocrx_word' id='word_1_176' title='bbox 454 2771 497 2816; x_wconf 89' lang='lat' dir='ltr'><strong>ss.</strong></span> <span class='ocrx_word' id='word_1_177' title='bbox 512 2752 673 2816; x_wconf 88' lang='lat' dir='ltr'><strong>literarum</strong></span> <span class='ocrx_word' id='word_1_178' title='bbox 686 2752 980 2834; x_wconf 86' lang='lat' dir='ltr'><strong>interpretationem</strong></span> <span class='ocrx_word' id='word_1_179' title='bbox 991 2750 1191 2833; x_wconf 84' lang='lat' dir='ltr'><strong>requirimus,</strong></span> <span class='ocrx_word' id='word_1_180' title='bbox 1208 2771 1296 2814; x_wconf 91' lang='lat' dir='ltr'><strong>com·</strong></span> 
     </span>
    </p>
   </div>
   <div class='ocr_carea' id='block_1_6' title="bbox 103 2857 1295 2944">
    <p class='ocr_par' dir='ltr' id='par_1_8' title="bbox 103 2857 1295 2944">
     <span class='ocr_line' id='line_1_23' title="bbox 103 2857 1295 2944; baseline -0.002 -20"><span class='ocrx_word' id='word_1_181' title='bbox 103 2860 210 2942; x_wconf 86' lang='lat' dir='ltr'><strong>putari</strong></span> <span class='ocrx_word' id='word_1_182' title='bbox 231 2861 360 2939; x_wconf 89' lang='lat' dir='ltr'><strong>debeat,</strong></span> <span class='ocrx_word' id='word_1_183' title='bbox 389 2879 576 2924; x_wconf 87' lang='lat' dir='ltr'><strong>consensum</strong></span> <span class='ocrx_word' id='word_1_184' title='bbox 597 2861 815 2924; x_wconf 87' lang='lat' dir='ltr'><strong>mathematice</strong></span> <span class='ocrx_word' id='word_1_185' title='bbox 840 2859 1046 2924; x_wconf 87' lang='lat' dir='ltr'><strong>universalem</strong></span> <span class='ocrx_word' id='word_1_186' title='bbox 1061 2857 1216 2944; x_wconf 88' lang='lat' dir='ltr'><strong>postulari</strong></span> <span class='ocrx_word' id='word_1_187' title='bbox 1230 2881 1295 2922; x_wconf 89' lang='lat' dir='ltr'><strong>uon</strong></span> 
     </span>
    </p>
   </div>
   <div class='ocr_carea' id='block_1_7' title="bbox 9 2965 1295 3052">
    <p class='ocr_par' dir='ltr' id='par_1_9' title="bbox 9 2965 1295 3052">
     <span class='ocr_line' id='line_1_24' title="bbox 9 2965 1295 3052; baseline 0 -22"><span class='ocrx_word' id='word_1_188' title='bbox 9 2995 10 3002; x_wconf 42' lang='grc' dir='ltr'><strong>ι</strong></span> <span class='ocrx_word' id='word_1_189' title='bbox 106 2987 207 3052; x_wconf 89' lang='lat' dir='ltr'><strong>pesse</strong></span> <span class='ocrx_word' id='word_1_190' title='bbox 223 2965 419 3032; x_wconf 84' lang='lat' dir='ltr'><strong>arbitramur.</strong></span> <span class='ocrx_word' id='word_1_191' title='bbox 449 2968 670 3049; x_wconf 84' lang='lat' dir='ltr'><strong>Praeterquam</strong></span> <span class='ocrx_word' id='word_1_192' title='bbox 687 2968 786 3046; x_wconf 89' lang='lat' dir='ltr'><strong>enim,</strong></span> <span class='ocrx_word' id='word_1_193' title='bbox 809 2968 892 3050; x_wconf 92' lang='lat' dir='ltr'><strong>quod</strong></span> <span class='ocrx_word' id='word_1_194' title='bbox 907 2989 970 3031; x_wconf 89' lang='lat' dir='ltr'><strong>nun</strong></span> <span class='ocrx_word' id='word_1_195' title='bbox 988 2966 1031 3032; x_wconf 89' lang='lat' dir='ltr'><strong>eit</strong></span> <span class='ocrx_word' id='word_1_196' title='bbox 1046 2967 1202 3049; x_wconf 85' lang='lat' dir='ltr'><strong>decisum,</strong></span> <span class='ocrx_word' id='word_1_197' title='bbox 1218 2972 1295 3049; x_wconf 90' lang='lat' dir='ltr'><strong>quot</strong></span> 
     </span>
    </p>
   </div>
   <div class='ocr_carea' id='block_1_8' title="bbox 9 3075 1294 3166">
    <p class='ocr_par' dir='ltr' id='par_1_10' title="bbox 9 3075 1294 3166">
     <span class='ocr_line' id='line_1_25' title="bbox 9 3075 1294 3166; baseline 0.002 -30"><span class='ocrx_word' id='word_1_198' title='bbox 9 3107 11 3166; x_wconf 43' lang='grc' dir='ltr'>ὲ</span> <span class='ocrx_word' id='word_1_199' title='bbox 109 3075 285 3156; x_wconf 86' lang='lat' dir='ltr'><strong>scriptores</strong></span> <span class='ocrx_word' id='word_1_200' title='bbox 302 3075 512 3140; x_wconf 88' lang='lat' dir='ltr'><strong>ecclesiastici</strong></span> <span class='ocrx_word' id='word_1_201' title='bbox 532 3076 564 3139; x_wconf 92' lang='lat' dir='ltr'><strong>in</strong></span> <span class='ocrx_word' id='word_1_202' title='bbox 585 3096 710 3140; x_wconf 89' lang='lat' dir='ltr'><strong>censum</strong></span> <span class='ocrx_word' id='word_1_203' title='bbox 733 3095 776 3138; x_wconf 89' lang='lat' dir='ltr'><strong>ss.</strong></span> <span class='ocrx_word' id='word_1_204' title='bbox 792 3076 919 3138; x_wconf 89' lang='lat' dir='ltr'><strong>Patrum</strong></span> <span class='ocrx_word' id='word_1_205' title='bbox 942 3075 1061 3140; x_wconf 83' lang='lat' dir='ltr'><strong>referri</strong></span> <span class='ocrx_word' id='word_1_206' title='bbox 1086 3075 1233 3152; x_wconf 89' lang='lat' dir='ltr'><strong>debeant,</strong></span> <span class='ocrx_word' id='word_1_207' title='bbox 1262 3079 1294 3138; x_wconf 92' lang='lat' dir='ltr'><strong>et</strong></span> 
     </span>
    </p>
   </div>
   <div class='ocr_carea' id='block_1_9' title="bbox 9 3181 1294 3266">
    <p class='ocr_par' dir='ltr' id='par_1_11' title="bbox 9 3181 1294 3266">
     <span class='ocr_line' id='line_1_26' title="bbox 9 3181 1294 3266; baseline -0.002 -20"><span class='ocrx_word' id='word_1_208' title='bbox 9 3217 10 3220; x_wconf 18' lang='grc' dir='ltr'><strong>ι</strong></span> <span class='ocrx_word' id='word_1_209' title='bbox 103 3183 198 3266; x_wconf 90' lang='lat' dir='ltr'><strong>proin</strong></span> <span class='ocrx_word' id='word_1_210' title='bbox 215 3204 320 3246; x_wconf 88' lang='lat' dir='ltr'><strong>eorum</strong></span> <span class='ocrx_word' id='word_1_211' title='bbox 338 3204 485 3248; x_wconf 85' lang='lat' dir='ltr'><strong>numerus</strong></span> <span class='ocrx_word' id='word_1_212' title='bbox 506 3184 723 3248; x_wconf 86' lang='lat' dir='ltr'><strong>mathematice</strong></span> <span class='ocrx_word' id='word_1_213' title='bbox 745 3181 868 3246; x_wconf 86' lang='lat' dir='ltr'><strong>deliniri</strong></span> <span class='ocrx_word' id='word_1_214' title='bbox 889 3187 1038 3266; x_wconf 85' lang='lat' dir='ltr'><strong>nequeat,</strong></span> <span class='ocrx_word' id='word_1_215' title='bbox 1066 3187 1208 3262; x_wconf 87' lang='lat' dir='ltr'><strong>constat,</strong></span> <span class='ocrx_word' id='word_1_216' title='bbox 1234 3183 1294 3244; x_wconf 86' lang='lat' dir='ltr'><strong>Pa-</strong></span> 
     </span>
    </p>
   </div>
   <div class='ocr_carea' id='block_1_10' title="bbox 9 3289 1294 4570">
    <p class='ocr_par' dir='ltr' id='par_1_12' title="bbox 9 3289 1294 4438">
     <span class='ocr_line' id='line_1_27' title="bbox 9 3289 1293 3376; baseline 0.002 -25"><span class='ocrx_word' id='word_1_217' title='bbox 9 3347 11 3366; x_wconf 71' lang='lat'><strong>,</strong></span> <span class='ocrx_word' id='word_1_218' title='bbox 102 3296 187 3352; x_wconf 87' lang='lat' dir='ltr'><strong>trum</strong></span> <span class='ocrx_word' id='word_1_219' title='bbox 204 3291 322 3373; x_wconf 89' lang='lat' dir='ltr'><strong>scripta</strong></span> <span class='ocrx_word' id='word_1_220' title='bbox 340 3311 410 3356; x_wconf 89' lang='lat' dir='ltr'><strong>esse</strong></span> <span class='ocrx_word' id='word_1_221' title='bbox 427 3291 654 3371; x_wconf 89' lang='lat' dir='ltr'><strong>occasionalia,</strong></span> <span class='ocrx_word' id='word_1_222' title='bbox 671 3292 702 3354; x_wconf 93' lang='lat' dir='ltr'><strong>ln</strong></span> <span class='ocrx_word' id='word_1_223' title='bbox 720 3292 831 3376; x_wconf 91' lang='lat' dir='ltr'><strong>quibus</strong></span> <span class='ocrx_word' id='word_1_224' title='bbox 849 3292 913 3356; x_wconf 93' lang='lat' dir='ltr'><strong>luci</strong></span> <span class='ocrx_word' id='word_1_225' title='bbox 927 3291 1035 3355; x_wconf 92' lang='lat' dir='ltr'><strong>biblici</strong></span> <span class='ocrx_word' id='word_1_226' title='bbox 1050 3311 1108 3376; x_wconf 90' lang='lat' dir='ltr'><strong>pro</strong></span> <span class='ocrx_word' id='word_1_227' title='bbox 1135 3289 1293 3373; x_wconf 80' lang='lat' dir='ltr'><strong>exigentia</strong></span> 
     </span>
     <span class='ocr_line' id='line_1_28' title="bbox 9 3395 1292 3486; baseline -0.002 -24"><span class='ocrx_word' id='word_1_228' title='bbox 9 3461 10 3480; x_wconf 49' lang='lat'><strong>,</strong></span> <span class='ocrx_word' id='word_1_229' title='bbox 101 3399 257 3462; x_wconf 88' lang='lat' dir='ltr'><strong>lectorum</strong></span> <span class='ocrx_word' id='word_1_230' title='bbox 271 3399 405 3484; x_wconf 84' lang='lat' dir='ltr'><strong>expositi</strong></span> <span class='ocrx_word' id='word_1_231' title='bbox 416 3398 585 3480; x_wconf 88' lang='lat' dir='ltr'><strong>habentur,</strong></span> <span class='ocrx_word' id='word_1_232' title='bbox 600 3399 833 3486; x_wconf 89' lang='lat' dir='ltr'><strong>praetermissis</strong></span> <span class='ocrx_word' id='word_1_233' title='bbox 850 3399 941 3482; x_wconf 88' lang='lat' dir='ltr'><strong>aliis,</strong></span> <span class='ocrx_word' id='word_1_234' title='bbox 960 3419 1092 3482; x_wconf 88' lang='lat' dir='ltr'><strong>querum</strong></span> <span class='ocrx_word' id='word_1_235' title='bbox 1109 3395 1292 3480; x_wconf 86' lang='lat' dir='ltr'><strong>explicatio·</strong></span> 
     </span>
     <span class='ocr_line' id='line_1_29' title="bbox 102 3507 1292 3594; baseline 0.002 -26"><span class='ocrx_word' id='word_1_236' title='bbox 102 3528 174 3572; x_wconf 88' lang='lat' dir='ltr'><strong>nem</strong></span> <span class='ocrx_word' id='word_1_237' title='bbox 190 3507 343 3572; x_wconf 90' lang='lat' dir='ltr'><strong>orationis</strong></span> <span class='ocrx_word' id='word_1_238' title='bbox 359 3509 485 3574; x_wconf 88' lang='lat' dir='ltr'><strong>occasio</strong></span> <span class='ocrx_word' id='word_1_239' title='bbox 503 3513 535 3572; x_wconf 88' lang='lat' dir='ltr'><strong>et</strong></span> <span class='ocrx_word' id='word_1_240' title='bbox 550 3509 710 3594; x_wconf 88' lang='lat' dir='ltr'><strong>loquentis</strong></span> <span class='ocrx_word' id='word_1_241' title='bbox 726 3507 890 3574; x_wconf 89' lang='lat' dir='ltr'><strong>consilium</strong></span> <span class='ocrx_word' id='word_1_242' title='bbox 902 3529 965 3574; x_wconf 90' lang='lat' dir='ltr'><strong>non</strong></span> <span class='ocrx_word' id='word_1_243' title='bbox 976 3507 1189 3592; x_wconf 89' lang='lat' dir='ltr'><strong>postulabant.</strong></span> <span class='ocrx_word' id='word_1_244' title='bbox 1204 3509 1292 3588; x_wconf 77' lang='lat' dir='ltr'><strong>Qua·</strong></span> 
     </span>
     <span class='ocr_line' id='line_1_30' title="bbox 101 3615 1292 3700; baseline 0 -20"><span class='ocrx_word' id='word_1_245' title='bbox 101 3621 236 3698; x_wconf 70' lang='lat' dir='ltr'><strong>propter</strong></span> <span class='ocrx_word' id='word_1_246' title='bbox 251 3636 439 3698; x_wconf 88' lang='lat' dir='ltr'><strong>consensus,</strong></span> <span class='ocrx_word' id='word_1_247' title='bbox 456 3618 557 3700; x_wconf 89' lang='lat' dir='ltr'><strong>quiin</strong></span> <span class='ocrx_word' id='word_1_248' title='bbox 572 3617 736 3698; x_wconf 86' lang='lat' dir='ltr'><strong>Patribus,</strong></span> <span class='ocrx_word' id='word_1_249' title='bbox 760 3637 868 3682; x_wconf 88' lang='lat' dir='ltr'><strong>sacras</strong></span> <span class='ocrx_word' id='word_1_250' title='bbox 883 3617 993 3682; x_wconf 88' lang='lat' dir='ltr'><strong>literas</strong></span> <span class='ocrx_word' id='word_1_251' title='bbox 1008 3615 1292 3699; x_wconf 83' lang='lat' dir='ltr'><strong>interpretantibus</strong></span> 
     </span>
     <span class='ocr_line' id='line_1_31' title="bbox 103 3721 1291 3810; baseline 0.003 -25"><span class='ocrx_word' id='word_1_252' title='bbox 103 3721 224 3805; x_wconf 88' lang='lat' dir='ltr'><strong>requiri</strong></span> <span class='ocrx_word' id='word_1_253' title='bbox 239 3728 360 3805; x_wconf 82' lang='lat' dir='ltr'><strong>potest,</strong></span> <span class='ocrx_word' id='word_1_254' title='bbox 376 3725 457 3788; x_wconf 90' lang='lat' dir='ltr'><strong>nlius</strong></span> <span class='ocrx_word' id='word_1_255' title='bbox 473 3745 543 3789; x_wconf 85' lang='lat' dir='ltr'><strong>esse</strong></span> <span class='ocrx_word' id='word_1_256' title='bbox 558 3726 683 3810; x_wconf 82' lang='lat' dir='ltr'><strong>nequit,</strong></span> <span class='ocrx_word' id='word_1_257' title='bbox 709 3745 800 3810; x_wconf 85' lang='lat' dir='ltr'><strong>quam</strong></span> <span class='ocrx_word' id='word_1_258' title='bbox 816 3725 979 3788; x_wconf 82' lang='lat' dir='ltr'><strong>moraliter</strong></span> <span class='ocrx_word' id='word_1_259' title='bbox 992 3723 1195 3804; x_wconf 78' lang='lat' dir='ltr'><strong>universalis,</strong></span> <span class='ocrx_word' id='word_1_260' title='bbox 1212 3744 1291 3808; x_wconf 83' lang='lat' dir='ltr'><strong>qua-</strong></span> 
     </span>
     <span class='ocr_line' id='line_1_32' title="bbox 100 3831 1292 3920; baseline 0.002 -26"><span class='ocrx_word' id='word_1_261' title='bbox 100 3831 143 3894; x_wconf 89' lang='lat' dir='ltr'><strong>lis</strong></span> <span class='ocrx_word' id='word_1_262' title='bbox 158 3831 332 3916; x_wconf 82' lang='lat' dir='ltr'><strong>generatim</strong></span> <span class='ocrx_word' id='word_1_263' title='bbox 349 3851 418 3897; x_wconf 90' lang='lat' dir='ltr'><strong>csse</strong></span> <span class='ocrx_word' id='word_1_264' title='bbox 431 3839 596 3914; x_wconf 84' lang='lat' dir='ltr'><strong>censetur,</strong></span> <span class='ocrx_word' id='word_1_265' title='bbox 609 3834 663 3918; x_wconf 88' lang='lat' dir='ltr'><strong>qui</strong></span> <span class='ocrx_word' id='word_1_266' title='bbox 678 3838 769 3920; x_wconf 82' lang='lat' dir='ltr'><strong>aptus</strong></span> <span class='ocrx_word' id='word_1_267' title='bbox 787 3841 835 3896; x_wconf 89' lang='lat' dir='ltr'><strong>est</strong></span> <span class='ocrx_word' id='word_1_268' title='bbox 851 3833 889 3896; x_wconf 87' lang='lat' dir='ltr'><strong>ad</strong></span> <span class='ocrx_word' id='word_1_269' title='bbox 902 3833 1108 3897; x_wconf 84' lang='lat' dir='ltr'><strong>universalem</strong></span> <span class='ocrx_word' id='word_1_270' title='bbox 1127 3832 1292 3896; x_wconf 79' lang='lat' dir='ltr'><strong>Ecclesiae</strong></span> 
     </span>
     <span class='ocr_line' id='line_1_33' title="bbox 98 3935 1290 4028; baseline 0.002 -28"><span class='ocrx_word' id='word_1_271' title='bbox 98 3935 194 4002; x_wconf 85' lang='lat' dir='ltr'><strong>tidem</strong></span> <span class='ocrx_word' id='word_1_272' title='bbox 211 3939 447 4023; x_wconf 86' lang='lat' dir='ltr'><strong>exprimendam.</strong></span> <span class='ocrx_word' id='word_1_273' title='bbox 475 3941 550 4006; x_wconf 87' lang='lat' dir='ltr'><strong>lude</strong></span> <span class='ocrx_word' id='word_1_274' title='bbox 573 3961 707 4027; x_wconf 89' lang='lat' dir='ltr'><strong>sequens</strong></span> <span class='ocrx_word' id='word_1_275' title='bbox 723 3942 833 4028; x_wconf 78' lang='lat' dir='ltr'><strong>regula</strong></span> <span class='ocrx_word' id='word_1_276' title='bbox 849 3941 994 4026; x_wconf 84' lang='lat' dir='ltr'><strong>specialia</strong></span> <span class='ocrx_word' id='word_1_277' title='bbox 1010 3940 1178 4005; x_wconf 82' lang='lat' dir='ltr'><strong>statuitur:</strong></span> <span class='ocrx_word' id='word_1_278' title='bbox 1203 3941 1290 4006; x_wconf 79' lang='lat' dir='ltr'><strong>Core-</strong></span> 
     </span>
     <span class='ocr_line' id='line_1_34' title="bbox 99 4049 1294 4131; baseline 0.001 -21"><span class='ocrx_word' id='word_1_279' title='bbox 99 4067 227 4112; x_wconf 84' lang='lat' dir='ltr'><strong>eeueue</strong></span> <span class='ocrx_word' id='word_1_280' title='bbox 250 4049 389 4114; x_wconf 80' lang='lat' dir='ltr'><strong>Putrem</strong></span> <span class='ocrx_word' id='word_1_281' title='bbox 403 4051 575 4116; x_wconf 81' lang='lat' dir='ltr'><strong>habeadus</strong></span> <span class='ocrx_word' id='word_1_282' title='bbox 591 4062 642 4118; x_wconf 87' lang='lat' dir='ltr'><strong>eet</strong></span> <span class='ocrx_word' id='word_1_283' title='bbox 654 4053 861 4118; x_wconf 81' lang='lat' dir='ltr'><strong>universalis</strong></span> <span class='ocrx_word' id='word_1_284' title='bbox 887 4061 919 4116; x_wconf 87' lang='lat' dir='ltr'><strong>et</strong></span> <span class='ocrx_word' id='word_1_285' title='bbox 932 4053 1126 4131; x_wconf 81' lang='lat' dir='ltr'><strong>unanimis,</strong></span> <span class='ocrx_word' id='word_1_286' title='bbox 1153 4053 1187 4114; x_wconf 82' lang='lat' dir='ltr'><strong>si</strong></span> <span class='ocrx_word' id='word_1_287' title='bbox 1202 4058 1245 4112; x_wconf 84' lang='lat' dir='ltr'><strong>tot</strong></span> <span class='ocrx_word' id='word_1_288' title='bbox 1261 4057 1294 4112; x_wconf 86' lang='lat' dir='ltr'><strong>et</strong></span> 
     </span>
     <span class='ocr_line' id='line_1_35' title="bbox 98 4159 1290 4240; baseline -0.001 -19"><span class='ocrx_word' id='word_1_289' title='bbox 98 4164 213 4221; x_wconf 82' lang='lat' dir='ltr'><strong>tautae</strong></span> <span class='ocrx_word' id='word_1_290' title='bbox 228 4163 435 4224; x_wconf 78' lang='lat' dir='ltr'><strong>auctoretatis</strong></span> <span class='ocrx_word' id='word_1_291' title='bbox 452 4161 575 4225; x_wconf 80' lang='lat' dir='ltr'><strong>Patres</strong></span> <span class='ocrx_word' id='word_1_292' title='bbox 598 4163 645 4224; x_wconf 84' lang='lat' dir='ltr'><strong>ito</strong></span> <span class='ocrx_word' id='word_1_293' title='bbox 661 4164 892 4240; x_wconf 77' lang='lat' dir='ltr'><strong>commtiunt,</strong></span> <span class='ocrx_word' id='word_1_294' title='bbox 920 4167 959 4224; x_wconf 81' lang='lat' dir='ltr'><strong>er</strong></span> <span class='ocrx_word' id='word_1_295' title='bbox 973 4178 1087 4222; x_wconf 82' lang='lat' dir='ltr'><strong>eorum</strong></span> <span class='ocrx_word' id='word_1_296' title='bbox 1101 4159 1290 4224; x_wconf 79' lang='lat' dir='ltr'><strong>testimonio</strong></span> 
     </span>
     <span class='ocr_line' id='line_1_36' title="bbox 97 4264 1288 4350; baseline -0.002 -23"><span class='ocrx_word' id='word_1_297' title='bbox 97 4268 215 4328; x_wconf 81' lang='lat' dir='ltr'><strong>merim</strong></span> <span class='ocrx_word' id='word_1_298' title='bbox 225 4267 324 4349; x_wconf 73' lang='lat' dir='ltr'><strong>fidere</strong></span> <span class='ocrx_word' id='word_1_299' title='bbox 335 4270 619 4334; x_wconf 80' lang='lat' dir='ltr'><strong>mtiueldceleeioe</strong></span> <span class='ocrx_word' id='word_1_300' title='bbox 629 4277 884 4350; x_wconf 76' lang='lat' dir='ltr'><strong>repraesentare</strong></span> <span class='ocrx_word' id='word_1_301' title='bbox 894 4269 966 4331; x_wconf 84' lang='lat' dir='ltr'><strong>dici</strong></span> <span class='ocrx_word' id='word_1_302' title='bbox 978 4271 1117 4350; x_wconf 64' lang='lat' dir='ltr'><strong>peamau.</strong></span> <span class='ocrx_word' id='word_1_303' title='bbox 1134 4266 1168 4328; x_wconf 88' lang='lat' dir='ltr'><strong>ld</strong></span> <span class='ocrx_word' id='word_1_304' title='bbox 1184 4264 1288 4327; x_wconf 85' lang='lat' dir='ltr'><strong>locum</strong></span> 
     </span>
     <span class='ocr_line' id='line_1_37' title="bbox 98 4370 471 4438; baseline 0.008 -6"><span class='ocrx_word' id='word_1_305' title='bbox 98 4370 217 4436; x_wconf 88' lang='lat' dir='ltr'><strong>babere</strong></span> <span class='ocrx_word' id='word_1_306' title='bbox 240 4375 471 4438; x_wconf 87' lang='lat' dir='ltr'><strong>existimamus:</strong></span> 
     </span>
    </p>

    <p class='ocr_par' dir='ltr' id='par_1_13' title="bbox 190 4481 1288 4570">
     <span class='ocr_line' id='line_1_38' title="bbox 190 4481 1288 4570; baseline -0.003 -27"><span class='ocrx_word' id='word_1_307' title='bbox 190 4481 232 4564; x_wconf 85' lang='lat' dir='ltr'><strong>a)</strong></span> <span class='ocrx_word' id='word_1_308' title='bbox 258 4481 293 4545; x_wconf 90' lang='lat' dir='ltr'><strong>Si</strong></span> <span class='ocrx_word' id='word_1_309' title='bbox 310 4482 569 4566; x_wconf 86' lang='lat' dir='ltr'><strong>praestantissimi</strong></span> <span class='ocrx_word' id='word_1_310' title='bbox 584 4483 712 4548; x_wconf 86' lang='lat' dir='ltr'><strong>Patrum</strong></span> <span class='ocrx_word' id='word_1_311' title='bbox 728 4503 828 4570; x_wconf 88' lang='lat' dir='ltr'><strong>usque</strong></span> <span class='ocrx_word' id='word_1_312' title='bbox 854 4486 893 4547; x_wconf 92' lang='lat' dir='ltr'><strong>ad</strong></span> <span class='ocrx_word' id='word_1_313' title='bbox 909 4484 1068 4548; x_wconf 87' lang='lat' dir='ltr'><strong>sacculum</strong></span> <span class='ocrx_word' id='word_1_314' title='bbox 1084 4481 1136 4544; x_wconf 90' lang='lat' dir='ltr'><strong>Vl.</strong></span> <span class='ocrx_word' id='word_1_315' title='bbox 1154 4498 1288 4542; x_wconf 89' lang='lat' dir='ltr'><strong>consen-</strong></span> 
     </span>
    </p>
   </div>
   <div class='ocr_carea' id='block_1_11' title="bbox 95 4585 1396 4676">
    <p class='ocr_par' dir='ltr' id='par_1_14' title="bbox 95 4585 1396 4676">
     <span class='ocr_line' id='line_1_39' title="bbox 95 4585 1396 4676; baseline 0 -23"><span class='ocrx_word' id='word_1_316' title='bbox 95 4590 216 4656; x_wconf 88' lang='lat' dir='ltr'><strong>tientes</strong></span> <span class='ocrx_word' id='word_1_317' title='bbox 228 4591 320 4654; x_wconf 88' lang='lat' dir='ltr'><strong>etiam</strong></span> <span class='ocrx_word' id='word_1_318' title='bbox 328 4593 368 4656; x_wconf 90' lang='lat' dir='ltr'><strong>de</strong></span> <span class='ocrx_word' id='word_1_319' title='bbox 377 4591 733 4676; x_wconf 87' lang='lat' dir='ltr'><strong>reliquerumconscnsu</strong></span> <span class='ocrx_word' id='word_1_320' title='bbox 744 4591 949 4660; x_wconf 84' lang='lat' dir='ltr'><strong>lidemfacere</strong></span> <span class='ocrx_word' id='word_1_321' title='bbox 960 4590 1106 4658; x_wconf 87' lang='lat' dir='ltr'><strong>censendi</strong></span> <span class='ocrx_word' id='word_1_322' title='bbox 1118 4593 1200 4666; x_wconf 89' lang='lat' dir='ltr'><strong>sunt,</strong></span> <span class='ocrx_word' id='word_1_323' title='bbox 1213 4585 1289 4653; x_wconf 88' lang='lat' dir='ltr'><strong>lieet</strong></span> <span class='ocrx_word' id='word_1_324' title='bbox 1392 4609 1396 4614; x_wconf 81' lang='grc'>’</span> 
     </span>
    </p>
   </div>
   <div class='ocr_carea' id='block_1_12' title="bbox 916 4755 961 4800">
    <p class='ocr_par' dir='ltr' id='par_1_15' title="bbox 916 4755 961 4800">
     <span class='ocr_line' id='line_1_40' title="bbox 916 4755 961 4800; baseline 0 -32"><span class='ocrx_word' id='word_1_325' title='bbox 916 4755 961 4800; x_wconf 37' lang='lat'><strong>4.</strong></span> 
     </span>
    </p>
   </div>
   <div class='ocr_carea' id='block_1_13' title="bbox 0 0 1560 5284">
    <p class='ocr_par' dir='ltr' id='par_1_16' title="bbox 0 0 1560 5284">
     <span class='ocr_line' id='line_1_41' title="bbox 0 0 1560 5284; baseline 0 4"><span class='ocrx_word' id='word_1_326' title='bbox 0 0 1560 5284; x_wconf 95' lang='lat' dir='ltr'><strong> </strong></span> 
     </span>
    </p>
   </div>
  </div>
 </body>
</html>
