3190 5290
551 1169 923 1266 Praefatio.

633 1429 848 1440 ——-·-

146 1535 210 1668 Si
235 1585 394 1688 *quaeris
424 1586 595 1664 benevale
622 1587 748 1678 lector,
778 1611 869 1686 quae
895 1613 953 1664 me
979 1590 1017 1664 in
1043 1589 1138 1665 nulla
1156 1589 1338 1688 librorum,

146 1741 297 1815 quoram
326 1737 454 1788 nomen
481 1713 549 1789 iste
575 1715 613 1788 in
639 1711 757 1788 fronte
785 1714 892 1790 habet
925 1715 1153 1818 inscriptum,
1192 1720 1340 1819 penuria

148 1843 191 1916 ed
219 1840 422 1942 augendum
451 1841 644 1916 eorundem
672 1851 712 1915 ut
738 1841 877 1916 videtur
903 1851 1040 1917 temere
1062 1867 1249 1921 numerum
1270 1847 1339 1922 im-

147 1967 319 2067 pulerint,
357 1967 440 2067 quid
473 1965 556 2040 'ribi
592 1969 846 2066 respondeam,
881 1993 952 2044 nan
979 1969 1112 2046 nescia.
1151 1969 1265 2060 Quam
1292 1973 1340 2050 sit

151 2091 288 2170 difficile
315 2119 370 2186 ea,
400 2117 490 2193 quae
518 2093 684 2169 diuturno
712 2105 874 2194 tempere
901 2093 1143 2186 adamaveris,
1177 2097 1249 2174 cita
1276 2125 1339 2177 re-

148 2219 331 2319 linquere,
367 2245 411 2295 cx
438 2245 503 2296 sua
537 2220 664 2320 cuique
691 2231 816 2296 natura
842 2221 963 2320 liquet.
999 2219 1078 2313 Quo
1106 2221 1241 2302 factum
1268 2237 1337 2317 ast,

148 2355 187 2420 ut
214 2371 306 2447 quae
335 2347 421 2423 elim
448 2373 492 2423 ex
518 2372 688 2438 munere,
718 2373 787 2446 quo
815 2346 1005 2448 fungebar,
1034 2349 1176 2450 publice
1203 2361 1340 2430 mama

148 2475 247 2565 bam,
285 2497 368 2548 cum
402 2473 447 2549 ab
483 2495 738 2564 camoenam,
776 2483 974 2552 retractare
1000 2474 1038 2548 in
1065 2475 1202 2554 deliciis
1230 2490 1337 2557 esset.

146 2603 394 2704 angustissimi
429 2601 522 2675 enim
556 2601 784 2700 Imperatoria
820 2601 1006 2707 Francieci
1040 2601 1067 2676 Ι.
1111 2603 1341 2683 felicissimae

148 2733 341 2808 memoriae
355 2727 471 2830 gratia
483 2728 520 2802 in
548 2727 743 2805 (inaccensi
761 2727 925 2830 primum,
952 2727 1035 2804 inde
1054 2729 1098 2804 ab
1123 2753 1216 2808 anno
1232 2732 1340 2812 1825

148 2857 192 2931 ad
223 2859 326 2935 1829
355 2881 486 2956 usque,
521 2853 558 2928 in
585 2855 848 2931 vindobonensi
882 2855 1011 2932 deiude
1036 2855 1224 2932 literarum
1252 2859 1341 2934 Uni·-

144 2983 312 3058 versitate
348 2985 392 3059 ad
426 3007 557 3059 annum
593 2984 696 3058 1835
725 3007 784 3058 me
809 2981 854 3056 iis
881 2982 1008 3058 ducem
1031 2983 1071 3059 in
1097 2981 1338 3086 interpretan-

145 3109 198 3182 dis
225 3108 273 3183 N.
302 3109 346 3182 d.
384 3107 498 3185 sacris
526 3107 625 3182 libris
652 3131 734 3184 asse
762 3108 894 3200 veluit,
930 3107 990 3210 qui
1024 3133 1074 3185 se.
1116 3109 1340 3212 'l'heolcgiaa

145 3261 292 3334 operam
319 3237 505 3312 navabana
536 3233 640 3324 Quod
667 3243 707 3310 ut
733 3233 873 3310 facilius
900 3245 1006 3334 adque
1033 3237 1255 3314 commodius
1264 3239 1336 3338 nfa-

143 3385 273 3453 cerem‚
302 3363 421 3438 statim
449 3363 602 3438 animum
628 3360 749 3436 induxi
773 3359 922 3438 adierum
950 3359 1208 3459 interpretandi
1228 3390 1335 3466 prac-

144 3499 264 3586 cepte,
294 3489 389 3588 qued
416 3489 560 3586 ingenio
588 3513 668 3565 meo
695 3511 767 3564 nan
802 3486 932 3587 ubique
969 3488 1245 3583 estimarent,
1282 3491 1336 3569 ita

141 3613 177 3687 in
197 3639 321 3689 meum
349 3639 452 3690 usum
480 3625 703 3706 convertere,
730 3623 770 3689 ut
797 3638 888 3714 quae
915 3614 953 3689 in
980 3617 1207 3692 commodum
1230 3643 1332 3697 meo-

141 3765 219 3816 rum
248 3741 501 3840 discipulorum
527 3741 565 3816 in
592 3731 681 3842 opum
708 3765 816 3815 unum
843 3742 1101 3834 madescerent,
1126 3769 1220 3839 meo,
1235 3749 1331 3847 quod

139 3865 313 3966 ingenuus
342 3867 468 3957 fateor,
497 3867 590 3942 haud
612 3865 740 3966 exiguo
765 3867 881 3942 studio
909 3887 991 3944 mea
1011 3893 1093 3944 asse
1113 3865 1328 3951 viderentur.

140 3991 242 4082 Quod
270 4003 579 4094 quantumcunque
608 4017 727 4068 meum
762 3994 990 4092 opusculum,
1019 4019 1100 4072 cum
1134 3997 1229 4076 inter
1256 4001 1330 4078 Oc-

138 4120 287 4195 nonicoe
314 4120 501 4196 Ecclesiae
528 4119 824 4218 Metropolitanus
850 4121 895 4195 ad
922 4121 975 4212 S,
994 4121 1213 4221 Stephanum
1232 4121 1329 4205 cala-

137 4255 193 4320 tus
221 4269 352 4336 essem,
380 4269 452 4321 non
479 4256 592 4322 totum
609 4246 881 4345 negligendum,
911 4247 974 4322 sad
991 4231 1131 4348 pedus,
1159 4265 1328 4352 quantum

136 4395 199 4472 per
214 4371 288 4450 alia
305 4371 424 4446 munia
441 4373 578 4460 liceret,
598 4371 848 4472 perficiendmu
866 4370 1126 4472 limandumque
1144 4379 1237 4472 duxi,
1257 4405 1328 4480 quc

136 4495 269 4596 magia
286 4497 409 4596 quibus
427 4497 677 4576 inanimamm
696 4523 784 4574 cara
801 4495 986 4600 praesidiis
1005 4501 1181 4594 carebam,
1196 4506 1326 4605 jamin

135 4621 230 4698 Urbe
250 4623 493 4712 abundabam
522 4645 578 4698 me
596 4625 689 4700 enim
709 4635 790 4699 ante
802 4625 878 4724 jem
905 4625 943 4698 in
962 4624 1139 4702 montibus
1165 4640 1202 4704 at
1221 4627 1326 4704 'v‘alli-
