3112 5284
1264 439 1338 514 281

214 624 337 684 (literatis
352 635 443 684 nempe
453 626 480 670 et
492 620 610 688 mystici)
631 635 726 683 genera
744 623 885 668 memoriae
898 621 1069 680 imprimenda
1081 625 1221 680 sequentes
1239 634 1333 668 versus

216 715 353 774 compositi
374 719 449 762 suut:

358 804 453 850 Litora
470 809 545 864 geste
563 805 657 862 docet,
677 803 737 863 quid
758 801 849 848 credas
865 801 1062 862 Alienum,

359 894 472 944 Morulc's
489 897 549 954 quid
566 906 646 956 agas,
666 907 716 953 quo
735 894 826 940 tondes
853 893 1038 952 Anagogla.

214 982 241 1030 S.
256 985 415 1044 Augustinus
435 987 532 1044 primus
547 985 647 1031 Petrum
662 989 773 1044 quatuor
790 985 921 1042 praelatos
939 995 1032 1030 sensus
1051 983 1166 1028 distinxit
1185 981 1280 1028 Genea.
1299 983 1333 1028 ad

214 1075 286 1121 liter.
305 1075 369 1122 libro
383 1077 414 1134 i.,
432 1087 507 1136 quem
524 1076 582 1122 dein
598 1075 686 1135 plures
704 1075 786 1120 secuti
802 1077 871 1120 sunt.
891 1073 1036 1132 lixampium
1050 1073 1226 1133 quadruplicis
1240 1085 1336 1119 sensus

210 1167 361 1224 pierumque
371 1169 494 1212 statuitur
504 1167 710 1223 Jerusalem,
731 1177 797 1224 quae
816 1167 952 1212 itteraiiter
967 1168 1052 1212 uuum
1067 1164 1182 1210 iudaeae
1200 1167 1334 1222 metrepo-

211 1255 265 1315 lim,
284 1256 426 1316 allegorice
437 1257 576 1304 Ecclesiam
587 1257 612 1302 iu
623 1257 671 1302 irae
684 1260 756 1302 terra
769 1256 929 1311 militantem,
949 1255 1111 1314 tropologica
1126 1254 1235 1300 mimam
1247 1255 1330 1302 bomi-

211 1349 250 1394 uis
271 1347 374 1394 rutulis
391 1349 545 1408 studiosam,
566 1353 591 1396 et
609 1348 748 1408 anagogice
765 1348 872 1406 patriam
889 1346 1029 1394 coelestem
1046 1345 1152 1392 iudicet.

532 1521 553 1576 i.
573 1521 713 1577 antistis
734 1519 940 1586 MisslctJS,

419 1687 449 1755 s.
465 1681 512 1742 itt
529 1684 575 1756 out
590 1693 687 1742 merea
702 1682 859 1754 scripturas
875 1681 1062 1740 merantur.

227 1815 397 1900 Postquam
426 1817 561 1902 duplicis
584 1839 610 1881 s.
629 1817 814 1900 scripturae
837 1837 948 1880 sensus
972 1815 1138 1880 existentiis
1166 1813 1332 1900 suppositi

137 1929 266 2005 praeter
282 1943 406 1987 sensum
429 1925 583 1989 literalem
602 1926 785 2009 quibusdam
813 1924 894 1988 locis
918 1925 1011 1987 alium
1034 1924 1147 1988 realem
1166 1929 1197 1985 et
1213 1921 1337 1987 medie-¹

136 2035 219 2108 tum,
249 2053 339 2115 quem
368 2033 400 2095 in
427 2035 593 2118 mysticum
618 2040 649 2098 et
674 2034 879 2118 symbolicum
895 2033 1091 2096 dividendum
1108 2033 1331 2109 existimamus,

138 2139 269 2202 subesse
286 2141 429 2224 diximus,
447 2147 478 2205 et
496 2143 661 2227 utriusque
676 2143 850 2228 genuinam,
867 2146 901 2203 ut
917 2147 1072 2225 putamus,
1088 2141 1247 2204 notionem
1265 2143 1339 2202 sta-'

136 2249 269 2328 tuimus,
293 2249 484 2314 accuratiori
503 2249 568 2334 jam
585 2251 773 2316 deductione
791 2251 980 2334 expedienda
998 2259 1047 2313 est
1063 2249 1226 2335 quaestio,
1255 2269 1328 2310 num

136 2375 249 2419 sensus
264 2357 417 2441 mysticus
434 2378 460 2420 s.
479 2359 664 2442 Scripturas
681 2364 769 2423 recte
785 2361 985 2440 adstruatur,
1002 2360 1033 2422 id
1057 2363 1122 2438 est,
1138 2379 1210 2420 num
1226 2358 1258 2420 in
1274 2377 1326 2420 sa-

137 2465 201 2528 cris
216 2465 319 2529 literis
335 2485 447 2549 reapse
466 2469 569 2532 adsint
585 2468 659 2550 loci,
675 2468 831 2550 inquibus
850 2489 902 2531 res
919 2467 1024 2532 verbis
1039 2487 1206 2550 expressae
1222 2487 1330 2528 rerum

137 2574 311 2636 futurarum
329 2573 554 2655 sublimiorum,
571 2599 650 2659 quae
667 2577 705 2641 ad
722 2576 881 2640 Christum
900 2577 1028 2661 ejusque
1045 2597 1173 2660 regnum
1190 2575 1255 2638 sive
1270 2574 1331 2637 hu·

132 2679 188 2762 jus
205 2681 270 2743 sive
286 2683 416 2745 alterius
428 2684 510 2746 vitae
522 2689 678 2768 spectent,
695 2685 847 2770 imagines
860 2686 925 2749 Deo
940 2686 1126 2767 disponente
1140 2683 1330 2746 exhibeant?

137 2788 179 2850 nt
195 2788 357 2872 prolecto,
381 2792 520 2875 quamvis
537 2793 569 2854 in
586 2793 696 2878 regula
711 2794 837 2856 unicum
852 2797 973 2856 tantum
989 2793 1021 2854 in
1039 2792 1149 2876 quovis
1164 2792 1237 2854 loco
1256 2811 1329 2853 sen-

138 2917 225 2976 sum,
241 2919 352 2982 nempe
366 2900 537 2983 literalem,
564 2921 722 2965 assumere
737 2901 831 2964 liceat
848 2902 919 2986 (§§.
937 2901 968 2964 li.
985 2901 1037 2985 e),
1053 2899 1327 2984 persuasissimum

137 3006 228 3068 uobis
244 3011 351 3094 tamen
364 3013 434 3088 est,
450 3015 577 3090 praeter
593 3010 680 3074 illum
697 3010 839 3092 pluribus
856 3029 881 3072 s.
899 3009 1085 3090 Scripturas
1104 3003 1185 3070 locis
1203 3026 1328 3070 sensum

138 3114 304 3196 mysticum
330 3117 473 3180 subesse.
512 3117 609 3200 Cujus
636 3119 684 3181 rei
710 3119 808 3202 ipsius
837 3137 861 3180 s.
880 3118 1066 3200 Scripturae
1094 3123 1124 3179 et
1150 3113 1328 3200 Magisterii

136 3222 298 3286 Ecclesiae
315 3224 503 3288 auctoritate
521 3225 676 3290 certiores
695 3226 863 3288 reddimur.

227 3333 257 3393 l.
280 3331 324 3394 Ut
340 3333 378 3395 ab
390 3334 428 3395 A.
442 3333 477 3395 F.
494 3333 676 3398 auctoribus
694 3333 899 3410 exordiamur,
916 3333 977 3415 ipsi
989 3334 1072 3397 haud
1088 3351 1159 3394 raro
1178 3325 1254 3411 suis,
1272 3332 1323 3394 vel

121 3439 214 3503 'alter
230 3425 362 3503 alterius
379 3441 583 3504 relationibus
599 3447 727 3525 praeter
743 3461 888 3520 sensum,
907 3462 997 3524 quem
1014 3441 1152 3523 proxime
1168 3440 1322 3520 indicant,

134 3548 228 3610 alium
245 3548 457 3614 sublimiorem
474 3551 603 3615 subesse
620 3550 807 3614 existimant.
836 3549 923 3613 boec
942 3550 1020 3614 enim
1046 3571 1107 3612 non
1123 3569 1184 3611 uuo
1201 3550 1324 3614 dodra·-

132 3673 207 3738 nus,
233 3659 323 3739 leues
340 3667 372 3722 et
388 3664 593 3722 ceremonias
604 3660 645 3722 A.
666 3659 715 3738 it,
734 3677 810 3741 quas
828 3658 1024 3736 describunt,
1042 3657 1209 3721 veritatum
1227 3658 1326 3721 subli-

132 3765 277 3843 miorum,
295 3785 373 3848 quae
389 3768 605 3830 adventuram
622 3767 661 3831 N.
673 3768 710 3831 Τ.
729 3767 942 3832 oeconomiam
958 3767 1146 3850 pertineant,
1164 3765 1324 3830 involucra

132 3891 213 3951 esse,
233 3878 282 3937 sat
294 3873 456 3938 manifeste
472 3861 602 3938 innuunt
613 3898 626 3956 3
639 3875 807 3959 praecipue
819 3896 894 3938 vero
907 3877 1079 3938 historiam
1090 3877 1324 3939 israelitarum

129 3985 240 4063 typum
257 3979 409 4046 historiae
426 3983 619 4047 sublimioris
635 3983 675 4047 N.
692 3985 730 4046 Τ.
755 3985 870 4048 babere
885 3981 927 4045 iis
942 3982 975 4044 in
991 3981 1114 4046 deliciis
1131 3979 1230 4068 est1).

223 4093 254 4154 2.
278 4091 542 4168 Quemadmodum
564 4113 640 4156 vero
666 4093 840 4174 scriptores
857 4093 894 4156 A.
911 4092 945 4152 F.
970 4092 1084 4172 rebus,
1121 4111 1197 4174 quas
1219 4089 1324 4161 literis

131 4198 376 4282 consignabant,
401 4219 454 4263 res
470 4201 687 4279 sublimiores,
711 4222 790 4283 quae
815 4202 847 4262 in
862 4199 991 4263 foedere
1008 4198 1222 4282 perfectioria
1238 4199 1323 4260 bles..

130 4305 178 4368 sia
195 4306 416 4370 constituendo
434 4313 603 4372 eventurae
621 4314 736 4389 essent,
763 4305 933 4392 significari
950 4307 1177 4386 existimabant,
1195 4303 1239 4368 ita
1256 4305 1324 4369 vice

129 4431 223 4478 versa
241 4419 389 4498 auctores
407 4417 497 4480 NaeF.
515 4419 553 4479 ad
581 4417 701 4501 scripta
715 4417 752 4478 A.
770 4417 805 4478 F.
828 4417 1056 4498 respiciebant,
1083 4415 1116 4478 iu
1137 4413 1201 4476 illis
1227 4418 1323 4496 typos

130 4543 250 4600 eorum,
268 4543 348 4605 quae
364 4523 402 4586 de
419 4523 547 4588 Christo
565 4523 695 4608 ejusque
713 4545 813 4610 reguo
828 4526 1015 4602 scribebant,
1031 4524 1185 4586 videntes.
1206 4523 1274 4599 Qua
1290 4523 1322 4588 in

128 4651 164 4694 rc
180 4630 226 4694 ita
240 4629 462 4715 versabantur,
478 4638 513 4696 ut
536 4633 731 4698 manifestum
758 4632 801 4697 sit
828 4633 906 4716 ipsis
920 4651 1103 4717 persuasum
1130 4630 1247 4709 luisse,
1272 4651 1319 4714 ea,
