3092 5286
1225 443 1300 518 ltu

191 627 261 672 eois
279 623 364 672 cerba
380 622 580 684 1111111111ᾱί,
602 623 628 670 11
645 619 714 671 olias
734 623 822 672 aliter.
859 621 994 681 apt-eam
1021 622 1062 670 est
1080 623 1168 670 autem
1186 623 1300 686 spirituc

192 717 219 761 et
235 713 311 761 stetit
328 726 420 762 coram
439 712 549 760 Domino
579 714 605 760 ct
631 713 685 761 eit:
710 713 766 774 Epo
791 712 921 775 decipiam
940 711 1023 760 illum.
1054 711 1102 759 011·
1129 715 1234 761 locotus
1262 717 1303 762 cst

192 803 339 850 Dominus:
375 804 407 849 lo
435 798 509 864 que?
545 803 581 849 lit
606 803 654 850 ille
680 804 739 850 ait:
773 802 924 863 1111111111,
953 807 979 848 et
1005 815 1053 849 ero
1091 802 1204 866 spiritus
1231 817 1303 852 men-

193 895 249 941 dace
266 893 295 940 io
314 907 364 940 ore
382 893 497 940 omnium
514 895 710 956 prophetorum
730 893 797 954 ejus.
828 891 862 938 nt
881 891 951 939 dicit
968 891 1112 939 Dominus:
1137 893 1257 955 Decipies
1278 896 1304 940 ct

191 983 383 1047 praevalebis,
405 985 535 1043 cyrcderc
554 985 580 1029 et
596 980 645 1044 foc
663 983 711 1029 ita.
737 983 814 1029 Nune
832 981 915 1042 ipitor
936 995 996 1028 cccc
1014 982 1086 1029 dedit
1102 981 1302 1047 1111111111ρί-

193 1075 277 1122 ritum
295 1073 431 1121 mendacii
448 1074 475 1120 in
494 1087 543 1120 ere
562 1074 678 1121 omnium
695 1071 892 1137 prophetorum
910 1075 1032 1132 tusorum,
1051 1071 1256 1135 quittassent,
1277 1078 1304 1122 et

114 1199 119 1206 .
194 1163 321 1212 Dominae
341 1165 445 1212 locutus
466 1165 508 1211 cat
525 1165 620 1211 contra
639 1166 665 1210 ts
683 1164 790 1212 molam.
823 1165 878 1221 Qua
904 1163 1003 1210 visiorm
1030 1164 1153 1222 cogitatio
1178 1165 1241 1212 haec
1260 1177 1304 1212 rs*

192 1258 388 1314 praesentatur:
421 1254 490 1302 Deus
523 1256 660 1314 permisit,
689 1257 718 1300 ut
745 1253 988 1314 pseudoprophetae
1015 1265 1030 1300 a
1059 1254 1155 1302 Setaea
1183 1255 1306 1316 inspirati

194 1358 281 1406 regem
298 1345 387 1391 Achab
405 1345 539 1402 deceptum
559 1347 591 1391 ad
608 1345 703 1392 bellum
727 1350 816 1390 contre
835 1343 916 1403 Syros
940 1349 1135 1406 permoverent,
1164 1359 1214 1405 quo
1233 1348 1307 1406 peri-

131 1491 135 1496 ,
195 1439 243 1484 ret.
277 1437 387 1484 Brevlor
405 1435 469 1482 visio
488 1435 594 1482 habetur
612 1438 670 1483 Act.
690 1436 758 1495 xvi,
787 1437 829 1492 9.,
859 1448 908 1495 qua
926 1435 1021 1482 Paulus
1049 1441 1126 1482 noctu
1144 1439 1306 1485 Macedonem

196 1527 344 1588 conspexit,
365 1527 408 1586 qui
425 1526 457 1572 ab
477 1537 508 1572 co
528 1527 621 1586 petiit,
640 1529 670 1573 nt
687 1527 794 1572 veniens
813 1525 966 1572 Macedones
985 1527 1129 1585 adjuvaret.

116 1635 121 1640 ·
147 1611 175 1678 8)
199 1617 271 1664 Vieio
289 1615 437 1677 olleporieo
457 1617 570 1663 occurrit
587 1618 643 1661 Art.
662 1615 700 1669 X,
723 1617 764 1661 tu.
784 1629 840 1674 sqq.
861 1615 920 1661 coll.
940 1615 992 1670 xi,
1012 1615 1039 1662 b.
1059 1629 1128 1676 sqq„
1148 1627 1197 1676 qut
1213 1618 1307 1666 Petrus

116 1741 121 1750 .
196 1707 222 1754 in
241 1708 341 1754 extasin
359 1713 448 1766 raptus
467 1707 532 1754 vidit
559 1718 607 1754 ves
635 1707 756 1766 aliquod,
784 1717 877 1764 nempe
902 1705 1006 1752 linteum
1032 1719 1166 1767 magnum,
1199 1713 1309 1768 quatuor

196 1797 297 1844 laciniis
318 1797 349 1843 de
363 1791 441 1844 'coelo
461 1798 614 1854 demissum,
634 1796 705 1842 varia
723 1795 841 1842 animalia
856 1808 920 1854 pura
934 1799 960 1842 et
971 1796 1069 1855 impura
1080 1798 1224 1854 includens,
1245 1811 1310 1858 qliae

197 1887 339 1947 Apostolus
357 1889 412 1934 siue
431 1887 575 1934 discrimine
597 1890 708 1934 mactare
727 1889 754 1932 et
773 1887 925 1932 manducare
940 1886 1065 1946 jubetur,
1085 1900 1135 1946 qno
1155 1887 1227 1947 signo
1246 1889 1310 1934 doc-

198 1978 266 2024 trina
285 1977 492 2039 adumbrabatur,
512 1979 675 2036 Evangelium
694 1990 745 2023 non
764 1979 863 2023 tantum
876 1975 994 2034 ludaeis,
1014 1977 1060 2023 sed
1080 1977 1156 2024 etiem
1169 1977 1311 2026 Gentilibus

194 2067 398 2114 ‘annuntiandum
420 2059 494 2114 esse.
527 2067 597 2113 visio
635 2069 719 2113 entem
746 2065 879 2113 111111νί11
909 2070 942 2114 et
978 2067 1080 2127 quidem
1113 2080 1177 2114 vera
1205 2071 1313 2129 contigit

201 2157 293 2206 Davldl
312 2159 332 2205 1.
353 2157 449 2205 chron.
469 2157 532 2217 xiil,
553 2157 610 2214 27..
634 2167 689 2202 cum
708 2157 871 2216 conspiceret
889 2159 1022 2219 angelum,
1041 2159 1085 2218 qui
1103 2159 1224 2218 populum
1242 2162 1317 2218 peste

199 2250 384 2306 percusserat,
412 2247 490 2306 jussu
515 2248 616 2294 Domini
640 2247 752 2306 gladium
771 2247 945 2294 remittentem
971 2249 997 2294 in
1025 2249 1159 2307 vaginam,
1186 2247 1314 2308 queunte

199 2339 282 2396 pestis
301 2337 503 2398 designabatur3
532 2341 623 2386 contra
651 2338 718 2384 visio
737 2338 860 2384 bistonios
880 2337 940 2384 ficta
958 2339 1052 2398 legitur
1070 2339 1130 2385 lob.
1149 2339 1175 2396 l,
1201 2341 1314 2400 6.sqt1.,

199 2425 244 2472 ubi
263 2425 288 2471 in
307 2426 415 2471 coneilio
444 2428 491 2473 Dei
514 2431 540 2474 ct
559 2429 711 2488 angelorum
731 2432 835 2474 satanas
854 2428 973 2488 sistitur,
993 2429 1035 2474 cui
1053 2429 1236 2486 possessiones
1256 2428 1316 2476 ,lobi

200 2517 358 2574 diripiendae
385 2519 575 2577 conceduntur,
607 2530 657 2576 qua
686 2517 795 2577 imagine
824 2518 945 2577 cogitatio
971 2517 1036 2564 haee
1064 2523 1215 2566 exornatur:
1248 2519 1317 2567 Deus

201 2607 321 2664 permisit
338 2610 466 2667 satanae,
485 2610 514 2654 nt
532 2607 624 2655 lobnm
642 2609 762 2654 tentaret.

158 2691 186 2761 ³)
206 2697 302 2744 (lenter
320 2697 360 2757 ss.
382 2700 442 2745 111.
463 2699 522 2744 tib.

519 2877 544 2935 t·
562 2871 606 2931 ill.
622 2871 769 2931 Parabolos
786 2875 815 2931 ot
829 2871 945 2933 tabulae.

224 3017 422 3102 singularem
456 3018 638 3101 interpretis
668 3021 870 3083 attentionem
899 3023 1060 3082 merentur
1090 3019 1257 3102 parabolae
1291 3026 1322 3084 et

130 3123 271 3202 fabulae,
295 3143 374 3208 quae
392 3127 425 3188 in
450 3147 487 3190 eo
505 3128 705 3207 conveniunt,
730 3129 813 3212 quod
835 3129 941 3190 ambae
957 3145 1015 3208 per
1030 3127 1241 3191 narrationem
1261 3126 1320 3191 tic-

130 3240 197 3298 tam
219 3233 392 3296 doctrinam
420 3233 553 3320 aliquam
580 3236 630 3300 vel
664 3244 805 3300 11111111
832 3240 1088 3320 repraesentent,
1117 3237 1148 3299 in
1175 3257 1212 3300 eo
1243 3257 1318 3300 vero

131 3341 291 3424 differunt,
316 3343 399 3424 quod
413 3341 548 3428 priores,
572 3365 650 3428 quae
666 3345 698 3408 in
714 3344 835 3428 Bibliis,
859 3344 1045 3426 praesertim
1062 3343 1101 3407 N.
1115 3342 1156 3408 Τ.
1173 3343 1322 3428 frequen·

132 3455 260 3531 tantur,
282 3449 441 3529 homines,
465 3455 577 3513 eontra
602 3451 814 3534 posteriores,
839 3471 918 3533 quae
941 3451 972 3514 in
995 3452 1162 3534 Scriptura
1182 3453 1321 3517 rariores

132 3563 224 3640 sunt,
248 3575 301 3620 res
321 3558 443 3620 ratione
459 3559 642 3641 destitutas,
663 3565 739 3643 puta
762 3560 881 3624 bestias
898 3565 930 3622 11
945 3560 1075 3623 arbores
1102 3560 1266 3642 loquentes
1288 3567 1321 3625 et

132 3667 263 3750 agentes
285 3664 449 3748 inducant,
473 3667 557 3748 quod
579 3671 682 3730 tamen
703 3667 871 3731 discrimen
893 3647 955 3730 non
978 3685 1103 3751 semper
1123 3671 1319 3735 observatur.

136 3773 305 3837 Caeterum
322 3793 431 3836 sacrae
446 3771 557 3838 literae
573 3775 737 3856 parabolas
752 3781 784 3839 et
795 3775 926 3859 fabulas,
943 3795 1021 3858 quae
1038 3775 1076 3838 ad
1092 3777 1320 3841 institutionem

134 3881 304 3966 praecipue
329 3881 429 3944 minus
457 3881 613 3946 cultorum
640 3885 803 3968 aptissime
837 3883 1045 3964 adhibentur,
1073 3885 1322 3970 elegantissimas

135 3989 392 4073 complectuntur
404 3989 446 4076 ²).

227 4099 319 4177 Quod
333 4099 624 4181 interpretationem
642 4102 770 4184 attinet,
795 4102 867 4184 quia
882 4103 943 4166 hoc
958 4103 1082 4166 dicendi
1103 4123 1217 4188 genna,
1240 4103 1269 4166 si
1285 4106 1324 4168 ad

137 4207 265 4270 modam
282 4207 523 4288 comparationis
550 4209 701 4292 respicias
713 4259 723 4292 ,
755 4211 906 4274 modoad
933 4209 1152 4276 similitudines
1176 4212 1323 4296 pertinet,

136 4316 264 4400 quando
280 4336 389 4398 nempe
405 4335 457 4378 res
473 4337 542 4378 eum
558 4315 620 4379 alia
636 4339 670 4380 re
687 4325 812 4380 narrata
830 4315 994 4382 manifesto
1004 4316 1174 4402 confertur,
1187 4321 1278 4382 modo
1288 4319 1328 4381 ad

136 4424 308 4511 allegorias
323 4425 520 4488 referendum
540 4431 602 4506 cst,
636 4429 757 4508 quando
780 4425 918 4490 narratio
949 4428 1065 4510 absque
1086 4426 1326 4510 comparationis

138 4535 256 4600 indicio
281 4537 394 4617 aperto
422 4533 567 4616 ponitur,
591 4533 685 4598 etiam
709 4536 747 4598 ad
774 4537 897 4598 modum
928 4536 1110 4600 alterutrius
1131 4536 1327 4600 tractandum

144 4647 178 4706 ct
197 4641 412 4728 explicandum
429 4647 478 4706 est
494 4637 536 4725 ²).
561 4643 670 4725 Neque
686 4644 746 4706 hoe
764 4644 922 4729 negotium
935 4643 1100 4726 interpreti
1113 4642 1326 4707 difficultatem

1049 4771 1115 4823 12*
