3118 5282
1207 387 1286 506 aas

108 605 252 692 Singulis
275 627 398 690 quoque
421 604 579 689 pericopis
603 605 810 684 introductio,
838 605 1047 693 cogitatorum
1071 603 1199 687 serien,
1222 605 1287 670 cir·

107 715 312 778 constantias
328 713 480 778 sermonis
497 721 657 792 externas,
683 713 781 778 aliave
798 715 837 778 ad
858 713 1095 800 intelligentiam
1117 715 1215 799 partis
1232 735 1286 781 ex·

108 821 272 906 plicaudae
289 823 494 888 conducentia
511 843 684 906 exponens,
706 823 868 889 commode
882 823 1104 908 praemittitur.

504 1004 533 1072 i.
550 999 602 1058 ali.
620 999 808 1059 tommentartt
822 999 900 1059 oua

202 1129 360 1212 Expositis
376 1129 488 1192 moniis
503 1129 595 1193 facile
612 1134 844 1214 cognoscuntur
858 1131 935 1196 uitia
951 1131 1182 1211 commentarii,
1208 1149 1288 1214 quae

107 1241 203 1298 suot:

203 1349 231 1410 i.
256 1345 292 1408 si
320 1351 545 1410 commentator
580 1349 751 1428 occupatur
781 1345 1044 1427 discussionibus,
1068 1363 1147 1432 quac
1174 1327 1290 1410 nuliius

110 1473 244 1536 prorsus
266 1462 338 1520 sunt
354 1456 511 1532 momenti,
535 1459 645 1542 utpote
668 1457 705 1520 ad
730 1475 854 1522 sensum
877 1455 1025 1520 biblicum
1040 1457 1150 1520 melius
1166 1456 1290 1540 perspi-

108 1562 253 1628 ciendum
277 1570 330 1628 aut
353 1565 613 1648 comprobandum
636 1564 713 1630 nibil
737 1565 945 1630 conterentes.
997 1567 1066 1644 Quo
1091 1570 1229 1650 spectat,
1260 1564 1290 1628 si

108 1673 152 1734 ad
175 1689 312 1756 quasque
336 1672 504 1738 lectionum
520 1673 665 1736 minutias
688 1673 887 1738 excutiendas
909 1672 1086 1753 descondit,
1109 1671 1159 1738 vel
1182 1673 1289 1738 obvim

105 1799 204 1843 vocas
220 1785 273 1843 aut
289 1780 438 1848 lormulas
454 1781 604 1863 explicat,
628 1781 676 1844 vel
700 1801 751 1846 res
769 1781 893 1846 aliunde
908 1787 999 1845 notas
1014 1801 1051 1846 ac
1074 1781 1217 1844 indubias
1241 1781 1291 1844 di-

108 1886 246 1966 lucidat,
269 1887 317 1950 vel
334 1888 466 1970 denique
487 1889 614 1952 notitias
638 1909 655 1952 a
671 1909 706 1954 re
721 1887 837 1954 alienas
862 1890 1016 1969 corradit,
1038 1890 1078 1953 ad
1092 1907 1201 1953 vanam
1216 1894 1290 1953 tan-.

107 2000 175 2058 tum
193 1996 399 2061 eruditionem
416 1997 634 2062 ostendendam
648 1996 689 2085 ¹).
932 1987 935 1994 ⁴

199 2107 230 2168 2.
254 2105 376 2183 Quodsi
391 2110 537 2190 exegetae
553 2106 668 2170 biblico
685 2107 817 2184 munita,
841 2128 920 2191 quae
941 2105 990 2171 vel
1014 2106 1052 2170 ad
1075 2103 1167 2170 iidem
1183 2106 1232 2170 vel
1248 2107 1287 2170 ad

106 2232 212 2275 mores
229 2213 403 2296 pertinent,
420 2213 534 2278 iterato
552 2215 840 2294 commendavimus,
864 2215 940 2280 lieet
957 2216 1032 2281 haec
1049 2235 1067 2278 a
1082 2215 1221 2298 proximo
1238 2217 1287 2278 in·

104 2321 343 2402 terpretationis
364 2319 425 2386 fine
449 2323 548 2387 aliena
570 2326 651 2402 siut,
676 2323 798 2386 minime
822 2328 925 2387 tamen
949 2325 1141 2407 probandum
1163 2329 1229 2402 est,
1257 2324 1286 2388 si

106 2429 345 2492 commentarius
361 2429 392 2492 in
415 2431 575 2517 longiores
590 2432 828 2496 dissertationes
845 2432 1054 2518 dogmaticas,
1081 2432 1216 2496 morales
1232 2437 1289 2497 aut

104 2535 276 2617 polemicas
293 2545 457 2622 evagatur,
482 2535 530 2602 vel
546 2539 694 2602 asceticis
715 2543 746 2601 et
763 2540 951 2604 homileticis
973 2541 1081 2605 usibus
1097 2539 1286 2606 advocandis

107 2647 253 2726 tanquam
281 2665 318 2708 ex
344 2646 489 2728 professo
519 2654 689 2729 occupatur
702 2642 752 2733 ²),
790 2648 840 2710 vel
872 2649 1004 2732 denique
1034 2647 1288 2730 interpretationi

104 2752 257 2834 mysticae
273 2753 355 2816 ultra
372 2753 487 2816 limites
503 2753 659 2838 indulget,
682 2755 772 2818 iocos
795 2756 946 2835 biblicus,
970 2758 1154 2838 praesertim
1171 2754 1285 2820 diffici-

104 2860 221 2940 liores,
250 2862 316 2925 sino
337 2863 508 2946 praemissa
529 2862 788 2942 interpretatione
813 2863 927 2926 literali
948 2864 1282 2946 frequentermystice

2 2949 3 2984 ³
104 2989 271 3050 exponens,
290 2969 341 3032 ubi
359 2969 544 3032 sufficientia
559 2970 631 3032 talis
649 2989 759 3034 sensus
775 2970 889 3038 indicia
904 2993 966 3034 uon
983 2973 1096 3035 adsnut
1108 2967 1151 3058 ⁸).

193 3079 224 3142 3.
249 3078 368 3154 Quodsi
390 3099 464 3142 vero
487 3087 634 3162 peccaut,
665 3079 718 3164 qni
740 3079 886 3142 minutias
909 3080 1095 3160 discutiant,
1117 3085 1158 3146 ¹ot
1181 3079 1282 3144 aliena

2 3179 3 3188 ’
102 3187 333 3251 commentariis
360 3187 568 3263 immisceant,
596 3188 693 3251 multo
722 3189 819 3273 magis
847 3187 923 3252 vitio
946 3189 1127 3252 vertendum
1155 3195 1220 3266 est,
1251 3187 1280 3252 si

2 3289 3 3294 ’
101 3291 165 3356 loci
180 3295 297 3375 vexati,
322 3295 375 3376 qui
398 3302 543 3360 accurate
559 3297 721 3359 dilucidari
745 3303 889 3378 possent,
913 3303 966 3360 aut
987 3297 1099 3360 leviter
1113 3297 1280 3360 absolvun-

2 3389 4 3426 ἶ
100 3405 169 3480 tur,
204 3410 257 3464 aut
287 3423 417 3484 prorsus
448 3403 664 3488 negliguntur,
700 3407 783 3487 quod
812 3405 936 3482 vitium,
968 3410 1038 3470 utut
1060 3403 1213 3488 palmare,
1249 3423 1275 3468 s.

98 3508 284 3593 Scripturas
316 3511 478 3576 studiosus
507 3512 539 3574 in
568 3511 795 3594 perlustrandis
827 3513 1121 3578 commentatoribus
1150 3509 1274 3576 biblicis

96 3620 179 3684 haud
195 3640 266 3683 raro
286 3641 345 3681 oon
361 3621 427 3684 sine
442 3621 653 3706 indignatione
669 3620 854 3684 observabit.

187 3729 219 3792 t.
243 3728 399 3811 Denique,
424 3737 458 3791 ut
473 3728 571 3791 Jahn
587 3728 764 3814 (Euchirid.
781 3729 878 3793 herm.
896 3750 925 3810 p.
945 3728 1040 3815 158.)
1056 3734 1171 3813 mouet,
1189 3729 1273 3794 vitiis

1 3827 4 3866 ἶ
95 3837 307 3899 accensendae
323 3844 396 3900 sunt
412 3837 633 3919 explicationes
649 3835 688 3900 ad
704 3837 839 3920 rigorem
856 3837 1037 3902 dialecticae
1054 3843 1199 3920 exactae,
1222 3837 1274 3904 vel

89 3963 111 4006 a
135 3941 368 4006 definitionibus
391 3944 616 4027 philosophicis
638 3947 785 4026 haustae,
809 3948 891 4030 qood
916 3947 1037 4030 quidem
1059 3946 1167 4012 vitium
1191 3949 1274 4010 auti-

2 4061 3 4084 *
93 4051 163 4132 quis
187 4057 218 4114 et
240 4053 467 4116 recentioribus
491 4075 651 4118 commuue
668 4060 736 4133 est,
759 4077 855 4140 porro
876 4056 1084 4137 expositiones
1105 4057 1200 4142 louge
1215 4077 1273 4139 pe·

91 4161 181 4239 litae,
198 4163 368 4242 quaesitae,
386 4159 575 4228 artificiosae
591 4169 624 4228 at
639 4169 782 4250 argutae,
805 4167 860 4225 aut
876 4183 912 4224 ex
935 4165 1031 4228 sectis
1047 4163 1272 4247 philosophicis

2 4287 3 4292 ’
91 4269 274 4349 arcessitae,
299 4289 427 4352 quarum
451 4273 589 4354 exempla
611 4295 669 4337 uec
686 4272 758 4336 olins
776 4271 949 4354 defuerunt,
973 4294 1030 4338 uec
1046 4278 1153 4338 nostra
1168 4276 1271 4336 aetate

2 4381 3 4414 ³
90 4378 221 4459 desunt,
246 4377 321 4442 licet
336 4378 454 4464 regulis
470 4381 726 4444 Hermeneotioae
744 4401 760 4441 e
776 4380 927 4444 diametro
947 4380 1172 4466 repugnanti).

114 4519 140 4588 i)
162 4518 334 4575 accomodate
353 4529 385 4576 ad
403 4543 456 4576 rem
476 4533 589 4577 nostram
610 4531 844 4589 Quintilianus
864 4531 909 4579 tib.
929 4533 950 4580 i.
965 4545 988 4578 c.
1009 4531 1035 4579 5.
1049 4533 1074 4592 s.
1091 4533 1118 4578 8.
1133 4531 1165 4578 de
1183 4531 1267 4578 tutar-

157 4615 306 4679 pretatieae
316 4621 343 4666 at
356 4621 519 4670 enarratione
528 4621 664 4670 authorum
678 4621 768 4670 scribit
776 4634 787 4669 a·
802 4619 942 4685 „l‘sraaqui
953 4624 1062 4686 quidam,
1078 4622 1146 4685 quod
1155 4622 1265 4684 palmus
