3120 5294
1286 507 1336 580 75

158 710 160 720 1
215 681 290 728 modo
309 681 435 744 denique,
464 694 520 728 eum
547 681 622 730 obvia
649 683 729 730 lsxlcs
757 687 783 730 et
811 687 991 745 grammaticae
1019 687 1148 746 doceant,
1177 691 1337 750 quantopere

213 774 331 830 potestas
350 771 530 817 vocabulorum
549 785 565 818 a
582 773 713 818 vocalibus
733 785 870 834 earumque
888 775 1110 822 vicissitudinibus
1129 777 1257 835 pendeat,
1285 789 1337 822 nou

212 861 269 907 lieri
287 874 338 907 non
357 865 452 922 potest,
473 863 534 922 quin
553 862 643 908 sedula
660 862 760 908 illarum
780 861 962 911 observatione
980 865 1114 926 plurimum
1128 867 1193 912 lucls
1209 865 1338 913 sileretur.

166 943 192 1013 ⁸)
213 951 256 998 Sic
276 954 305 997 ut
325 951 349 997 el
369 965 392 997 e.
409 963 436 1010 g.
457 953 621 1012 perspicuum
640 953 683 1012 alt,
703 963 751 999 cur
770 955 842 1029 mik!
862 967 940 1003 senes
957 955 1082 1002 Hebraeis
1103 956 1254 1015 superiores
1271 967 1336 1015 quo·

217 1055 268 1102 que
287 1041 406 1103 audiant,
436 1054 487 1088 non
506 1043 639 1088 immernor
664 1043 699 1089 sit
716 1043 832 1105 imperil,
862 1047 929 1104 quod
947 1058 1030 1104 penes
1049 1047 1109 1092 illos
1129 1045 1225 1105 riguit,
1252 1047 1336 1105 patri·

217 1131 341 1180 archalis.

164 1215 190 1284 ⁸)
210 1223 332 1284 Exempla
349 1221 425 1282 bujus
444 1221 485 1269 rel
503 1222 560 1270 ride
578 1223 604 1270 in
624 1198 687 1272 nota
707 1226 730 1271 i.
751 1229 779 1272 et
797 1226 824 1272 t.
843 1225 869 1286 s.
888 1227 1078 1288 praecedentis.

165 1305 190 1373 5)
211 1308 355 1376 Consors.
376 1311 515 1358 tannes
537 1313 561 1358 i.
582 1312 607 1360 d.
628 1313 655 1359 5.
675 1315 702 1360 8.

167 1395 193 1464 ⁸)
212 1403 345 1461 Negleetio
364 1400 508 1459 hujusmodi
526 1413 590 1449 usus
609 1402 729 1462 loquendi
748 1407 840 1450 eontra
857 1404 968 1463 logicum
986 1405 1154 1465 probabilium
1172 1409 1280 1464 peccat.
1306 1409 1334 1452 et

210 1491 343 1552 perversis
371 1491 630 1550 interpretationibus
659 1494 743 1540 losum
771 1494 824 1540 dat.
854 1493 898 1541 Sic
917 1495 973 1542 Jss.
993 1495 1028 1556 V,
1053 1497 1080 1542 2.
1108 1497 1133 1542 l.
1156 1489 1247 1579 n’tthttt
1263 1494 1338 1556 iuxta

211 1583 329 1642 antiquos
348 1582 503 1640 interpretes
522 1584 548 1628 et
566 1584 659 1629 seriem
681 1585 806 1631 orauonts
826 1585 986 1640 labruscos,
1016 1599 1032 1632 a
1053 1585 1139 1634 Crisia
1160 1583 1332 1650 (ilisa-obnu-

208 1693 284 1738 nicon
303 1689 333 1736 Τ.
345 1689 378 1735 ll.
397 1699 424 1748 p.
448 1689 737 1748 aequanimitate
756 1693 862 1754 persico
879 1697 906 1740 et
924 1694 1047 1742 sanserit.
1066 1683 1134 1777 υἱ.)
1175 1695 1249 1742 disci
1269 1707 1333 1753 per·

212 1811 300 1856 peram
318 1797 436 1847 redditur
454 1797 590 1846 aconitum
607 1801 732 1862 aspellat
752 1801 867 1862 (speeies
886 1801 982 1852 barbas
996 1767 1148 1850 venenarios
1158 1802 1248 1863 bion.)
1261 1801 1334 1850 cont.

210 1890 235 1949 ς.
257 1891 302 1949 36,
323 1901 349 1934 ιι.
371 1889 396 1934 t.
419 1888 445 1947 s.
465 1889 508 1947 39,
528 1901 554 1933 ιι.
576 1889 602 1935 3.

336 2141 390 2206 111.
414 2139 777 2208 plantarentur
802 2139 1137 2204 concinnum.

305 2360 334 2426 s.
349 2354 393 2415 tt.
409 2357 480 2418 tuso
496 2358 607 2416 diducti
623 2360 653 2416 ot
677 2371 731 2432 qua
752 2359 859 2416 ratione
876 2359 933 2415 sint
949 2358 1166 2430 comparendsot

227 2522 436 2586 collationem
451 2521 575 2608 linguae
591 2524 756 2590 hebraicae
772 2544 841 2586 cnm
855 2525 1024 2608 semetipse
1040 2529 1210 2607 sequatur,
1237 2544 1335 2610 opor-

136 2635 196 2710 tet,
213 2631 407 2713 comparatio
426 2651 494 2693 cnm
510 2631 580 2694 aliis
598 2632 723 2716 linguis,
740 2632 920 2695 nominatim
938 2633 1104 2713 cumillis,
1123 2653 1202 2716 quae
1219 2633 1265 2712 ei,
1282 2638 1335 2695 ut·

136 2743 213 2822 pote
230 2760 300 2802 cum
316 2740 386 2824 ipsa
402 2739 440 2802 ad
456 2739 584 2804 eandem
602 2739 774 2803 Semitismi
788 2739 935 2804 familiam
960 2745 1157 2823 spectantes,
1182 2746 1334 2826 cognatae

136 2853 230 2928 sunt3
246 2845 330 2910 inter
346 2867 423 2930 quas
439 2849 647 2912 recensendas
660 2848 871 2912 existimamus
883 2850 1016 2934 primum
1029 2855 1248 2931 oramaicam,
1262 2848 1334 2913 dein

134 2957 322 3038 arabicam,
339 2976 469 3039 quarum
484 2961 617 3039 utraque
635 2977 704 3019 cum
720 2958 867 3020 hebraica
889 2957 1015 3020 sororio
1040 2956 1242 3042 conjungitur
1263 2955 1334 3017 vin-

135 3063 209 3127 culo
226 3061 269 3151 ¹).
286 3064 379 3130 hicet
394 3085 470 3129 vero
487 3070 575 3128 certo
592 3063 716 3128 deliniri
737 3069 887 3146 nequeat,
912 3066 1035 3146 quando
1059 3085 1168 3146 nempe
1192 3062 1334 3148 singulae

135 3193 245 3237 earum
262 3194 279 3237 e
295 3175 450 3237 communi
465 3175 564 3256 stirpe
580 3172 766 3257 prodierint,
782 3173 815 3235 id
831 3177 951 3236 certum
968 3177 1028 3252 cst,
1045 3172 1228 3250 hebraicae,
1254 3191 1332 3253 quae

135 3283 239 3366 quoad
256 3283 376 3367 copiam
392 3282 554 3346 lexicalem
572 3285 603 3345 et
618 3279 882 3368 grammaticalem
898 3280 984 3342 inter
999 3280 1184 3343 arumnicum
1207 3285 1238 3342 et
1260 3298 1333 3342 ara-

133 3389 238 3454 bicam
253 3391 321 3458 fere
337 3392 470 3456 medium
485 3395 572 3454 tenet
588 3390 707 3468 locum,
725 3389 863 3472 priorem
887 3387 993 3451 indole
1014 3408 1051 3450 ac
1075 3389 1333 3451 documentorum

136 3499 325 3581 antiquitate
341 3499 511 3582 proximam
527 3519 608 3578 esse,
625 3497 836 3581 posteriorem
851 3517 947 3576 vero,
971 3515 1050 3577 quae
1073 3495 1197 3578 quidem
1220 3494 1332 3556 litera·

132 3613 236 3671 turam
260 3608 387 3671 saeculo
410 3609 463 3670 Vl.
486 3608 694 3689 antiquiorem
726 3605 923 3683 nonhabet,
948 3611 979 3670 et
1007 3603 1112 3685 quoad
1134 3605 1332 3685 praesentem

129 3715 346 3779 conditionem
362 3715 399 3778 ab
412 3716 558 3779 hebraica
570 3715 722 3778 remotior
735 3719 794 3794 est,
808 3713 981 3778 adhucdum
993 3713 1025 3775 in
1038 3711 1230 3794 amplissimo
1244 3710 1330 3774 orbis

134 3827 241 3888 tractu
257 3823 455 3900 vernaculam
472 3845 552 3902 esse,
571 3829 602 3886 et
620 3823 719 3887 omnis
734 3823 861 3910 generis
876 3823 967 3886 libris
984 3822 1140 3885 abundare
1157 3819 1201 3910 ²).

225 3932 345 4012 Quibus
362 3933 482 3996 accedit
498 3933 728 4011 acobcbraica,
745 3953 823 4014 quae
841 3953 910 3994 cum
937 3932 1080 4012 antiqua,
1099 3931 1150 3993 cui
1166 3928 1335 4006 successit,

130 4040 224 4108 filiali
238 4042 353 4127 gaudet
371 4043 567 4127 cognatione,
585 4046 617 4104 et
632 4047 798 4123 postquam
813 4041 845 4105 iu
870 4039 1097 4121 antiquissimis
1122 4037 1330 4102 monumentis

131 4150 267 4236 vestigia
283 4149 464 4232 reliquerat,
482 4150 588 4212 multis
603 4171 661 4233 per
677 4150 842 4213 decursum
858 4149 1010 4231 temporis
1022 4149 1167 4212 admissis
1179 4148 1328 4212 mutatio-

136 4257 231 4321 nibus
246 4258 278 4321 in
295 4257 422 4342 seriptis
439 4257 602 4321 doctorum
615 4256 815 4339 judaicorum
832 4258 1021 4322 recentioris
1047 4258 1115 4322 aevi
1142 4256 1335 4320 luxuriosis-

134 4367 213 4431 sime
231 4363 343 4428 diffusa
360 4358 462 4452 est⁸).

224 4473 292 4536 Hae
308 4473 432 4558 linguae
460 4495 530 4536 cum
556 4475 702 4536 tenuibus
729 4473 871 4556 reliquiis
894 4473 1024 4536 aliarum
1053 4475 1099 4537 eis
1128 4477 1329 4557 cognatarum

131 4581 330 4683 conqtituunt
345 4581 506 4646 materiam
524 4581 703 4648 collationis
728 4581 952 4660 dialectorum,
978 4603 1069 4664 quam
1093 4581 1182 4646 valde
1207 4578 1332 4662 pericu-

130 4679 232 4758 losam
249 4711 319 4755 esse
336 4695 428 4771 atque
452 4691 601 4755 lubricam
621 4689 686 4772 jam
709 4690 781 4753 inde
801 4690 1003 4774 intelligitur,
1033 4689 1117 4771 quod
1139 4689 1330 4772 interpretes
