3118 5282
1272 446 1350 522 347

643 673 801 750 CAPUT
828 679 868 750 ll.

161 825 392 888 unnrsrnnonun
417 828 567 888 nxrosmo
591 829 608 886 n
634 828 767 888 rannone
793 831 906 891 onnxsn
929 834 1023 898 usoun
1042 833 1079 891 nn
1098 832 1350 893 nuronmnonru.

284 1013 311 1080 ς.
330 1007 392 1067 ltd.
413 1007 584 1090 interpretes
602 1009 745 1068 christian!
761 1013 859 1084 prinis
876 1025 958 1070 acrae
974 1013 1087 1070 nostrae
1104 1012 1229 1074 saeoulls.
1301 1079 1303 1084 ,

165 1177 167 1182 ’
248 1157 326 1222 Cum
354 1156 429 1222 libri
452 1159 536 1221 sacri
562 1159 594 1220 in
619 1159 825 1223 conventibus
848 1162 1010 1248 religiosis
1033 1163 1151 1247 populo
1175 1164 1347 1228 christiano

157 1267 230 1330 inde
254 1268 292 1330 ab
315 1266 435 1352 origine
456 1267 618 1330 Ecclesiae
642 1288 796 1351 nunquam
819 1291 880 1333 non
905 1271 1177 1356 praelegereutur,
1202 1272 1349 1354 prolecto

154 1373 219 1456 jam
234 1374 345 1459 primis
368 1395 460 1438 aerae
477 1375 664 1438 christianae
680 1377 874 1458 temporibus
890 1399 951 1441 non
968 1379 1071 1462 potuit
1087 1399 1217 1462 prorsus
1236 1381 1349 1442 deesse

158 1481 262 1563 aliqua
288 1481 444 1566 expositio
468 1482 592 1546 biblica.
639 1483 803 1566 llxpositio
819 1485 897 1548 haee
913 1487 1092 1568 pertinebat
1115 1489 1153 1550 ad
1170 1488 1347 1570 Episcopos

158 1595 190 1653 et
217 1589 441 1675 Presbyter-os,
477 1593 517 1654 ad
544 1612 623 1676 quos
650 1593 865 1678 Magisterium
893 1595 1140 1660 ecclesiasticum
1162 1615 1187 1658 ‘a
1214 1594 1347 1660 Christo

150 1701 319 1784 'Apostolis
347 1701 412 1764 suis
438 1701 651 1764 concreditum
675 1701 778 1766 fuerat
795 1703 930 1767 delatum
944 1702 987 1789 ¹).
1033 1705 1077 1766 lix
1092 1704 1157 1766 illis
1174 1724 1249 1767 vcro
1265 1709 1347 1766 tem-

156 1809 285 1897 poribus
300 1831 363 1872 non
380 1815 543 1892 exspectes
559 1809 622 1874 nisi
639 1810 752 1895 exigua
766 1811 1045 1894 interpretationis¹
1055 1812 1167 1876 stricte
1182 1811 1256 1876 talis
1272 1831 1347 1894 spe-

157 1917 278 1980 cimina,
325 1916 496 1982 Uberiores
514 1918 594 1980 enim
611 1937 647 1981 ao
664 1917 804 1980 eruditas
821 1921 1000 1982 adsensum
1019 1921 1188 1982 eruendum
1206 1925 1238 1982 et
1258 1920 1347 1983 exhi·
1367 1929 1370 1934 '

155 2027 288 2090 bendum
313 2025 566 2090 elucubrationes
588 2046 689 2108 neque
711 2027 794 2090 ratio
821 2027 1028 2092 institutionis
1051 2028 1253 2110 christianae,
1278 2050 1347 2093 nec

155 2135 329 2198 bibliorum
356 2135 494 2199 lectores
523 2135 695 2221 exigebant.
743 2136 974 2200 lustitutiouem
1002 2138 1151 2200 doctores
1180 2137 1344 2224 religionis

154 2243 240 2306 illius
257 2243 324 2306 acri
338 2242 396 2322 iis,
426 2263 506 2325 quae
522 2263 581 2325 per
598 2263 633 2306 os
650 2245 689 2306 ad
706 2265 740 2307 se
755 2245 941 2308 transmissa
957 2246 994 2307 ab
1010 2246 1174 2328 Apostolis
1189 2246 1344 2310 habebant

153 2347 289 2430 fideles,
316 2352 590 2432 superstruebant,
615 2357 647 2414 et
669 2353 790 2435 scripta
812 2373 904 2416 sacra
927 2375 989 2416 nnn
1005 2357 1069 2416 tam
1086 2355 1124 2416 ad
1141 2354 1344 2418 erudiendum

155 2459 303 2542 populum
320 2479 356 2522 ac
371 2461 562 2542 probandam
579 2460 752 2523 doctrinam
769 2461 893 2524 aliunde
917 2467 1051 2542 certam,
1076 2483 1166 2544 quam
1184 2463 1289 2544 potius
1306 2465 1344 2525 ad

153 2569 253 2650 ipsius
269 2567 512 2632 illustrationem
530 2570 616 2632 etad
638 2567 888 2632 aedificationem
910 2571 1020 2654 populi
1048 2572 1287 2657 praelegebaut,
1311 2573 1345 2634 in

153 2697 244 2760 quern
259 2675 352 2740 finem
368 2676 498 2760 simplex
514 2677 682 2759 applicatio
698 2679 863 2740 verborum
879 2679 1066 2742 biblioorum
1078 2679 1261 2761 plerumque
1273 2679 1343 2742 sul-

151 2781 248 2848 iiccrc
263 2784 435 2848 videbatur.
482 2784 561 2848 Dein
584 2785 694 2866 primis
723 2784 911 2847 Christianis
933 2787 972 2849 ad
995 2786 1096 2848 Biblia
1111 2786 1242 2870 legenda
1267 2786 1342 2848 sub·

153 2894 234 2957 sidio
257 2897 369 2958 doctae
384 2893 655 2976 interpretationis
678 2898 848 2978 propterea
868 2894 918 2957 vix
944 2913 1024 2976 opus
1039 2894 1144 2975 luerit,
1170 2896 1253 2977 quod
1269 2915 1343 2956 sen-

153 3024 219 3068 sum
236 3025 262 3067 s.
280 3003 466 3088 Scripturae
482 3003 542 3086 ipsi
555 3001 648 3088 louge
662 3001 785 3065 facilius
801 3003 940 3065 invenire
956 3009 1141 3086 potuerunt,
1166 3023 1256 3088 quam
1283 3026 1343 3066 nos

150 3118 200 3180 tot
227 3113 345 3196 primae
371 3111 534 3178 Ecclesiae
563 3110 711 3174 subsidiis
741 3110 895 3176 destituti.
943 3112 1023 3174 llinc
1050 3113 1162 3174 mirum
1188 3134 1250 3175 non
1280 3120 1339 3190 est,

152 3223 236 3304 quod
258 3241 295 3284 ox
319 3220 545 3305 antiquissimis
568 3219 765 3302 temporibus
783 3219 955 3282 continuae
982 3220 1261 3302 interpretationes
1278 3242 1340 3282 non

151 3333 287 3408 restent,
312 3331 368 3392 sed
382 3334 501 3392 tantum
519 3329 713 3414 singulorum
729 3328 872 3394 locorum
888 3329 958 3411 plus
975 3327 1115 3390 minusve
1135 3332 1226 3408 aptae
1242 3327 1340 3411 expli-

152 3439 309 3521 cationes,
345 3459 363 3501 a
389 3437 535 3501 Patribus
561 3458 597 3500 eo
621 3435 683 3500 fine
705 3437 812 3518 datae,
844 3441 880 3498 ut
909 3436 1095 3500 obscuriora
1122 3435 1340 3514 dilucidarent,

151 3547 230 3608 male
246 3545 407 3610 intellecta
424 3551 511 3610 recte
529 3552 740 3629 exponerent,
766 3551 939 3623 eteorum,
964 3563 1043 3628 quac
1066 3564 1084 3604 a
1100 3543 1259 3626 perversis
1280 3543 1341 3606 bo-

151 3655 286 3720 minibus
300 3655 332 3718 in
348 3676 424 3721 suos
440 3675 550 3720 sensus
566 3655 701 3718 luissent
718 3655 844 3721 detorta
853 3703 862 3736 ,
885 3675 993 3716 uerum
1009 3654 1241 3739 genuinamque
1267 3673 1340 3717 sen-

150 3785 218 3826 sum
239 3761 487 3847 vindicarent³).
534 3765 575 3827 Et
602 3765 631 3828 si
655 3763 747 3830 etiam
775 3771 887 3845 postea
915 3763 1133 3847 aquibusdam
1149 3761 1340 3846 prolixiores

151 3873 364 3955 expositiones
387 3873 567 3937 elaboratae
591 3873 736 3952 fuerunt,
762 3893 816 3936 eae
832 3872 948 3955 injuria
958 3876 1140 3955 temporum
1166 3872 1339 3953 perierunt,

149 3990 183 4044 ut
200 4003 237 4045 ex
252 3981 451 4066 fragmentis,
476 4001 554 4066 quae
571 3981 745 4064 scriptores
759 3981 977 4068 subsequentis
994 3981 1108 4044 aetatis
1124 3985 1339 4058 asseruerunt,

148 4089 337 4174 intelligitur
348 4085 392 4178 ⁸).

228 4199 285 4262 'Ex
300 4199 485 4263 instituendi
501 4199 625 4264 ratione
641 4200 759 4282 primae
776 4200 889 4262 aetatis
907 4199 1001 4262 etiam
1018 4197 1110 4260 facilc
1123 4194 1238 4277 conjici
1263 4199 1337 4276 pot-

148 4313 207 4388 est,
227 4307 352 4372 modum
368 4308 596 4390 interpretandi
612 4328 638 4370 a.
656 4307 862 4391 scripturam,
881 4329 971 4391 quem
988 4307 1076 4370 illius
1090 4303 1243 4386 temporis
1259 4304 1337 4364 doc·

146 4421 235 4481 tores
251 4417 472 4499 sequebantur,
496 4417 602 4500 potius
626 4420 840 4500 olleqortccm
857 4417 975 4494 fuisse,
1000 4434 1090 4498 quam
1107 4411 1272 4476 literalem.
1296 4411 1337 4472 llt

148 4547 268 4606 revera,
286 4511 543 4590 sihuctorem
559 4525 894 4610 Recognitionum
910 4519 1265 4588 etTertullianum
1283 4541 1337 4581 ex-

148 4634 263 4720 cipias,
289 4631 342 4716 qui
358 4653 480 4700 sensum
502 4631 659 4698 literalem
677 4653 789 4699 eruere
807 4633 911 4702 eonati
925 4636 1020 4713 sunt,
1045 4630 1120 4694 licet
1144 4649 1203 4691 nou
1220 4627 1337 4712 ubique
