3112 5284
1247 383 1324 458 285

134 558 308 638 limiorcm,
333 557 426 621 rebus
451 579 508 641 per
529 558 624 620 rerba
652 556 798 620 indicatis
824 555 975 636 peculiari
993 555 1088 620 divini
1105 559 1237 622 numinis
1255 557 1323 622 elli-

134 667 221 730 cecia
244 687 282 729 ae
306 665 479 730 directione
505 663 679 746 subjectum
704 664 967 746 complectantur,
998 685 1131 747 qnorum
1158 672 1324 750 utrumqne

134 795 186 854 ea,
204 796 267 859 qua
290 796 347 857 par
369 781 434 856 est,
464 774 585 838 ratione
607 774 765 857 respicere
788 777 931 853 oportet,
956 773 1050 836 etiam
1076 773 1242 858 interpreti
1274 783 1324 839 at-

135 883 238 946 tentio
265 903 302 946 eo
330 883 428 967 magis
453 883 639 966 duplicanda
660 886 725 961 est,
761 901 823 963 qno
847 881 947 944 minus
969 901 1093 944 sensum
1116 883 1324 964 posteriorem

136 991 350 1054 communibus
367 991 596 1076 interpretandi
611 991 734 1076 legibus
750 990 913 1072 explorare
936 991 1040 1052 datum
1058 989 1109 1052 sit.
1157 993 1325 1076 Quaprop-

133 1103 185 1161 ter
201 1099 232 1161 in
248 1102 310 1164 hoc
325 1121 420 1164 sensu
443 1101 616 1186 indagando
630 1099 755 1182 saepius
771 1097 954 1175 haesitabit,
978 1097 1041 1160 imo
1058 1119 1077 1160 ι
1092 1105 1181 1164 recto
1198 1101 1324 1164 tramite

132 1206 227 1290 plane
243 1208 419 1286 aberrabit,
454 1209 516 1272 nisi
533 1214 638 1272 certas
654 1207 779 1292 regulas
797 1227 815 1270 ι
830 1206 982 1288 peculiari
998 1207 1133 1290 duplicis
1149 1228 1260 1272 sensns
1276 1209 1324 1271 in-

132 1315 207 1378 dole
233 1317 411 1380 abstractas
435 1315 496 1378 sibi
524 1337 599 1398 prae
628 1315 729 1380 oeulis
752 1321 865 1397 ponat,
891 1335 1021 1400 quarum
1044 1336 1104 1398 ope
1128 1317 1323 1398 cohibeatur,

131 1443 171 1486 ne
186 1443 261 1486 snae
277 1425 383 1506 potius
399 1425 581 1508 phantasiae
596 1422 760 1510 figmenta,
783 1443 874 1507 quam
899 1444 1025 1488 sensum
1048 1443 1067 1485 ι
1084 1425 1207 1506 Spiritu
1230 1445 1256 1490 s.
1274 1426 1324 1488 in·

131 1537 253 1595 tentum
269 1533 416 1616 inquirat.
463 1534 502 1596 Et
519 1533 664 1615 proiecto
691 1532 825 1596 historia
842 1551 1012 1618 exegeseos
1035 1532 1156 1596 abunde
1173 1538 1320 1614 testatur,

129 1640 327 1723 antiquiores
344 1647 375 1705 et
391 1641 586 1706 recentiores
602 1640 811 1724 interpretes,
835 1659 929 1702 sensu
951 1639 1085 1723 mystico
1102 1662 1163 1704 non
1186 1661 1238 1720 ea,
1263 1662 1323 1727 qua

129 1753 261 1831 oportet
279 1750 403 1814 ratione
419 1749 573 1833 quaesito,
598 1749 877 1831 interpretamenta
892 1748 985 1832 plane
1001 1749 1169 1812 arbitraria
1185 1769 1223 1814 ac
1239 1750 1324 1812 omni

130 1856 332 1922 fondamento
350 1859 503 1922 destituta
518 1858 551 1920 in
567 1857 700 1922 medinm
717 1856 900 1940 protulisse,
918 1862 1029 1920 contra
1045 1857 1176 1940 primunr
1192 1857 1323 1920 Herme-

131 1965 276 2030 nesticae
291 1965 477 2048 principium
489 1971 669 2050 peccantes,
682 1965 766 2048 quod
782 1985 800 2028 e
816 1987 843 2028 s.
861 1965 1029 2046 Scriptura
1042 1967 1171 2028 eandem
1183 1986 1319 2048 sensum,

132 2095 224 2158 quem
241 2079 388 2138 auctores
403 2075 488 2138 sacri
512 2073 720 2138 consideratis
741 2074 882 2158 legibus,
908 2093 926 2150 ι
948 2072 1062 2156 quihus
1082 2074 1248 2159 loquentes
1265 2077 1322 2140 de-

130 2182 321 2264 pendebant,
345 2181 376 2244 in
393 2203 430 2246 ea
448 2182 633 2265 deposuisse
652 2182 799 2246 censendi
816 2185 904 2262 sunt,
922 2201 1033 2244 cruere
1045 2181 1146 2264 jubet.

222 2289 361 2374 Regulae
383 2312 478 2370 vero,
504 2291 617 2375 quihus
641 2291 799 2374 interpres
814 2293 873 2354 hac
889 2290 921 2354 in
937 2311 972 2354 re
988 2289 1160 2376 dirigatur,
1188 2312 1324 2376 sequen·

131 2406 182 2464 tes
199 2407 291 2462 sunt:

228 2507 256 2570 l.
281 2508 313 2568 ln
331 2527 425 2570 sensu
435 2507 570 2590 mystico
583 2507 774 2589 explorando
787 2525 897 2570 sensus
909 2507 1043 2572 literalis
1056 2527 1210 2592 nunquam
1222 2509 1315 2593 negli·

130 2619 236 2700 gatur,
253 2616 307 2678 sed
319 2617 427 2698 potins
440 2635 496 2698 pro
510 2615 710 2680 fundamento
723 2623 869 2699 ponatur,
885 2635 954 2680 cum
966 2635 1018 2680 res
1031 2616 1137 2680 verbis
1146 2617 1323 2681 immediate

132 2743 283 2806 expressa
298 2730 408 2807 typum
423 2745 478 2788 acu
494 2724 658 2808 imaginem
674 2723 721 2786 rei
736 2723 929 2788 sublimioris
948 2725 1112 2806 praebeat,
1137 2724 1181 2788 ita
1197 2729 1232 2788 ιιι
1248 2745 1322 2788 sen·

132 2853 187 2896 sus
203 2833 356 2916 mysticus
372 2840 498 2916 praeter
513 2833 562 2896 rel
579 2853 673 2916 super
688 2832 843 2896 literalem
860 2833 951 2896 datus
967 2833 1049 2895 hunc
1066 2838 1128 2895 tam
1145 2854 1253 2916 parum
1270 2855 1324 2897 ex·

132 2941 249 3020 cludat,
267 2945 301 3004 ιιι
318 2942 423 3024 potius
441 2964 509 3006 enm
525 2941 657 3006 ulterius
674 2941 806 3018 evolvat,
823 2961 887 3006 rem
901 2941 1116 3004 sublimiorem
1124 2942 1223 3023 ipsam
1237 2941 1324 3005 exhi-

131 3050 219 3130 bens,
238 3049 326 3132 cujus
342 3049 396 3112 ille
413 3050 576 3114 obscuram
595 3050 732 3112 umbram
750 3049 846 3112 dedit.
864 3049 957 3112 Licet
968 3069 1042 3114 vero
1053 3050 1114 3114 hoc
1125 3049 1168 3112 sit
1181 3050 1323 3112 certissi-

132 3180 231 3235 mum,
248 3159 355 3241 plures
371 3163 473 3220 tamen
489 3164 556 3222 tum
571 3158 761 3222 ludaeorum
778 3161 843 3220 turn
864 3155 1116 3220 Christianorum
1132 3157 1323 3239 interpretes

131 3268 191 3330 hac
212 3267 244 3330 in
267 3287 300 3328 re
321 3266 367 3328 ita
388 3265 536 3328 alucinati
556 3271 646 3345 sunt,
670 3275 705 3328 ut
730 3266 950 3342 defenderent,
976 3265 1126 3348 quosdam
1150 3265 1323 3328 Biblioram

131 3375 222 3439 locos
239 3395 332 3438 sensu
348 3373 465 3438 literali
481 3374 606 3456 penitus
623 3395 742 3454 carere,
761 3380 793 3436 et
810 3371 934 3435 nonnisi
949 3372 1085 3456 mystico
1102 3373 1222 3456 pollere
1236 3371 1276 3460 ¹).

223 3485 256 3546 2.
281 3483 402 3546 Sensus
426 3483 577 3566 mysticus
599 3502 674 3545 vero
696 3481 776 3544 locis
798 3479 922 3544 biblicis
944 3502 1005 3544 non
1021 3485 1150 3560 temere,
1175 3484 1230 3546 sed
1246 3489 1321 3545 tuno

131 3592 234 3654 solum
263 3592 462 3664 adstruatur,
498 3591 619 3674 quando
649 3589 746 3652 certis
767 3587 892 3652 indiciis
920 3590 1152 3672 comprobatur.
1200 3591 1322 3654 Etenim

132 3719 244 3762 sensus
266 3698 497 3780 ascriptores
521 3698 603 3762 sicut
619 3696 756 3780 cujusvis
773 3697 852 3760 elius
876 3698 1031 3763 orationis
1055 3698 1087 3760 in
1109 3698 1218 3782 regula
1242 3720 1321 3761 unus

131 3815 180 3871 est
196 3809 246 3891 (S.
265 3807 325 3892 e),
349 3812 456 3870 extant
476 3812 580 3869 tamen
602 3811 785 3891 argumenta
801 3805 942 3884 indubia,
966 3812 1114 3870 auctores
1137 3807 1168 3870 in
1191 3807 1321 3890 quibus·

132 3916 201 3978 dam
218 3915 298 3978 locis
314 3915 467 3998 peculiari
484 3915 622 3998 Spiritus
639 3935 665 3977 s.
680 3915 797 3978 virtute
814 3914 858 3978 ita
874 3913 1014 3978 directos
1030 3915 1138 3998 foisse,
1164 3920 1199 3978 ut
1215 3915 1320 3978 sensui

132 4024 224 4086 obvio
243 4023 346 4086 verbis
363 4043 510 4106 expresso
527 4023 621 4086 alium
638 4023 866 4101 sublimiorem,
891 4027 940 4086 ast
967 4044 1112 4086 arcanum
1129 4025 1322 4106 superadde·

130 4135 202 4194 rent
224 4131 273 4216 (S.
292 4133 467 4216 praeced).
516 4131 594 4196 Cum
621 4153 696 4195 vero
721 4131 861 4213 Spiritus
884 4131 984 4194 sancti
1009 4131 1140 4195 intentio
1169 4130 1322 4213 ejusmodi

130 4238 191 4302 vim
216 4239 247 4300 in
270 4239 435 4322 loquentes
460 4239 638 4317 exserendi,
664 4238 724 4300 nisi
748 4239 786 4300 ab
811 4239 879 4321 ipso
905 4238 1133 4316 manifestetur,
1170 4234 1322 4320 cognosci

132 4369 194 4410 non
215 4347 334 4430 possit,
359 4349 566 4430 interpretis.
592 4347 777 4430 Scripturas
793 4345 855 4408 alia
879 4353 967 4408 certe
989 4367 1098 4410 sensas
1124 4345 1248 4427 mystici
1272 4345 1321 4405 iu·

130 4455 213 4517 dicia
228 4477 288 4518 non
307 4455 540 4538 relinquuntur,
559 4476 649 4537 quam
668 4456 777 4534 ipsius
790 4453 941 4535 Spiritus
957 4475 984 4518 s.
1002 4455 1196 4516 testimonia.
1246 4451 1321 4532 Spi-

132 4563 213 4626 ritus
231 4583 261 4624 ιι
274 4584 350 4626 vero
368 4581 493 4626 sensum
511 4561 676 4644 mysticum
700 4564 888 4622 attestatur:
