3118 5282
1244 414 1318 488 331

137 599 248 657 contra
271 587 498 670 disputationes
525 587 664 672 prolixas
690 592 722 650 ct
749 587 880 654 subtiles
906 590 944 651 de
969 587 1098 652 vocibus
1120 608 1156 652 ac
1179 587 1324 653 iormulis

136 711 230 783 atque
253 699 348 788 rebus
371 696 511 777 hihlioie,
536 717 613 781 quas
630 696 766 780 populus
790 717 847 760 nac
870 695 971 778 cepit,
995 716 1054 758 nec
1070 699 1168 776 amat,
1191 717 1248 760 nec
1270 717 1323 762 re·

137 808 254 892 quirit,
279 797 432 888 eritet²).
1028 880 1030 885 Ι

227 913 348 994 Quodsi
377 912 547 994 quaeritur,
571 911 610 974 ed
627 912 781 996 quodnam
804 931 922 990 eorum,
947 931 1025 994 quae
1042 910 1133 974 modo
1150 909 1322 993 descripsi·

137 1043 223 1101 mus,
246 1020 517 1103 interpretationis
532 1039 681 1105 generum
697 1019 859 1104 singulae,
884 1039 962 1101 qnae
986 1018 1107 1082 ratione
1128 1018 1247 1082 formae
1270 1040 1323 1082 re·

137 1130 276 1194 censitae
291 1132 380 1208 sunt,
403 1147 514 1192 sensus
531 1126 704 1212 exponendi
719 1126 841 1210 species
857 1125 919 1188 sint
936 1125 1134 1206 referendae,
1157 1126 1322 1208 responsio

133 1237 238 1302 iacilis
269 1243 328 1302 est.
381 1236 427 1298 Ex
457 1235 506 1298 rei
529 1239 641 1298 natura
672 1235 752 1298 enim
782 1233 986 1319 intelligitur,
1025 1236 1065 1298 ad
1096 1235 1320 1316 expositionem

134 1346 259 1409 doctam
286 1343 442 1427 anelyein,
465 1343 627 1406 versiones
653 1342 811 1422 verhales,
836 1342 956 1406 scholia
981 1347 1015 1405 et
1037 1342 1180 1426 glossas,
1212 1343 1323 1406 saltem

134 1473 214 1540 quaa
230 1450 448 1516 subtilioribus
464 1449 712 1516 discussionibus
728 1452 767 1514 de
782 1450 1034 1532 expressionibus
1050 1452 1083 1513 et
1108 1450 1204 1514 rebus
1227 1450 1324 1514 bibli·

135 1561 183 1624 cis
201 1565 410 1644 occupantur,
433 1563 589 1622 tractatus
611 1564 705 1641 atque
721 1559 979 1637 commentarios,
1002 1560 1042 1622 ad
1062 1558 1222 1643 vulgarem
1245 1580 1321 1624 vero

133 1669 297 1736 versiones
323 1667 373 1731 rel
398 1667 580 1746 liberiores,
610 1667 661 1730 vel
689 1665 800 1730 saltem
825 1665 911 1730 notis
937 1666 1145 1730 brevibusne
1173 1667 1321 1732 iacilihue

133 1776 335 1854 dilucidatas,
358 1776 566 1858 paraphrases
583 1779 616 1840 et
631 1773 776 1838 homilias
791 1774 906 1838 reterri
922 1775 1036 1838 dehere
1048 1772 1092 1861 ⁸).

159 1971 186 2043 ¹)
205 1979 266 2024 inde
289 1980 340 2033 ast,
367 1976 435 2036 quod
456 1975 511 2036 jam
538 1974 638 2034 antiqui
662 1973 755 2022 iudaei
779 1973 914 2022 conlisum
936 1975 1093 2024 cantieorum
1113 1974 1242 2034 iuventuti
1264 1987 1315 2021 non

206 2067 388 2128 permiserint,
428 2066 520 2126 quihus
557 2063 717 2122 Origenes
754 2063 780 2112 in
808 2065 892 2112 l’reei.
922 2066 949 2112 in
982 2065 1115 2112 Canticum
1153 2063 1318 2126 suffragetur.

207 2157 236 2205 S.
264 2157 486 2214 llieronymue
511 2166 573 2200 raro
597 2155 624 2199 in
648 2154 759 2213 Prologo
791 2155 997 2202 inhonestatem
1024 2155 1131 2204 scribite
1160 2155 1320 2216 „aggrediar

206 2247 328 2294 iinechiel
342 2247 511 2306 Prophetam,
530 2247 606 2304 cuine
623 2241 800 2292 difficultatem
814 2244 990 2292 Hebraeorum
1006 2245 1098 2305 prohat
1115 2245 1227 2292 reditio.
1258 2246 1322 2292 Nam

204 2339 256 2385 nisi
277 2338 334 2399 quis
356 2338 423 2395 apud
446 2350 491 2383 eos
517 2337 627 2384 aetatem
653 2335 827 2382 sacerdotalis
854 2335 1009 2396 ministerii,
1040 2337 1067 2382 id
1087 2339 1130 2384 ast
1157 2335 1319 2384 tricesimum

208 2441 300 2480 annum
325 2428 484 2488 impleverit,
517 2437 565 2472 nec
591 2425 719 2483 principie
748 2425 897 2484 (teneasne,
925 2437 973 2474 nee
996 2427 1131 2475 canticam
1161 2427 1322 2474 maurorum

209 2530 258 2566 nee
279 2519 354 2578 hujus
379 2515 515 2564 voluminis
537 2515 668 2562 exordium
691 2517 718 2561 et
741 2513 816 2562 finem
839 2517 929 2577 legere
956 2517 1126 2578 permittitur,
1154 2521 1183 2564 ut
1208 2518 1241 2564 ad
1260 2528 1322 2575 per-

205 2609 298 2660 fectam
316 2607 450 2654 scientiam
473 2609 500 2652 et
516 2606 639 2662 mysticos
660 2605 808 2652 intellectus
830 2607 932 2663 plenum
951 2606 1074 2652 humanae
1091 2609 1199 2653 naturae
1219 2608 1321 2664 tempus

206 2698 342 2744 accedet.”
379 2696 561 2754 heptasemo,
580 2695 602 2740 ai
617 2693 695 2740 etiam
713 2694 780 2740 alios
801 2696 905 2751 spectas
924 2695 1021 2755 libros,
1050 2696 1206 2755 praesertim
1226 2694 1257 2741 V.
1276 2695 1319 2752 'i.,

203 2791 338 2834 consulere
357 2787 453 2848 populo
477 2785 635 2840 ridebimur,
656 2785 681 2830 si
707 2787 790 2832 minus
809 2786 887 2832 cultis
911 2797 963 2831 non
985 2787 1070 2832 omnis
1094 2799 1160 2845 quae
1185 2786 1320 2833 continent

203 2879 320 2939 integra,
340 2879 386 2926 sed
410 2878 498 2936 potius
519 2879 634 2924 extracta
654 2877 777 2936 quaedam
800 2877 982 2935 proponimus,
1012 2878 1049 2923 ite
1072 2881 1100 2922 ut
1122 2889 1153 2924 ae
1173 2878 1317 2936 mittentur,

206 2981 270 3032 quae
294 2971 336 3016 vel
360 2970 392 3016 ed
414 2969 516 3014 illorum
544 2965 747 3013 aedificationem
776 2966 838 3012 nihil
860 2967 1011 3024 conterunt,
1039 2969 1078 3013 uti
1104 2980 1128 3014 e.
1154 2979 1180 3026 g.
1206 2967 1318 3013 minutae

203 3060 311 3108 notitiae
335 3059 510 3120 geographiae
529 3057 640 3105 biblicae
666 3061 694 3106 ct
720 3057 909 3115 descriptiones
934 3059 1029 3104 rituum
1056 3058 1239 3117 leviticorum,
1270 3069 1320 3105 nec

203 3162 255 3197 non
270 3149 397 3209 imagines
416 3150 567 3209 grandiores
585 3159 615 3194 ec
638 3147 813 3206 luxurientes,
834 3147 926 3207 quihus
949 3147 1093 3207 Prophetae
1120 3149 1225 3208 saepius
1244 3151 1320 3194 utun-

202 3243 261 3297 tur,
282 3241 323 3286 vei
339 3241 412 3298 plene
424 3241 486 3287 telis
507 3246 581 3295 eunt,
601 3242 630 3284 ut
647 3239 785 3285 timendum
801 3239 850 3293 sit,
870 3251 902 3284 ne
918 3238 1033 3285 homines
1052 3238 1142 3286 inculti
1158 3240 1185 3285 et
1203 3238 1319 3298 imperiti

204 3341 293 3376 eorum
307 3331 454 3376 narratione
473 3329 643 3384 offendantur,
664 3341 688 3376 a.
708 3341 732 3387 g.
747 3339 812 3386 quae
830 3325 924 3374 tienne.
941 3327 1004 3386 xix,
1024 3329 1067 3378 et.
1091 3340 1149 3387 sqq.
1167 3329 1199 3374 de
1214 3326 1319 3374 iiliahue

204 3420 267 3479 lect,
287 3419 393 3468 mit.
412 3421 445 3467 de
471 3421 550 3474 Dina,
580 3417 718 3477 mviii,
745 3419 857 3464 e-te.
888 3417 930 3464 te.
954 3430 1012 3476 sqq.
1038 3418 1070 3464 da
1095 3416 1168 3464 enan
1193 3421 1220 3466 at
1241 3417 1318 3475 iuda,

204 3510 237 3562 il.
258 3510 326 3557 Sam.
348 3510 426 3570 lilii,
449 3513 473 3557 i.
493 3523 550 3570 sqq.
569 3509 601 3556 de
627 3509 730 3558 incestu
749 3507 872 3554 Amnonie
901 3520 957 3554 cem
978 3520 1070 3556 serora
1092 3509 1216 3566 Thamar,
1236 3521 1318 3570 porro

204 3613 270 3668 quae
289 3601 370 3648 berit.
388 3602 440 3648 XV.
462 3601 554 3646 xviii.
583 3601 616 3649 de
642 3600 805 3648 immunditiis
831 3599 957 3658 letalibus
976 3602 1002 3644 et
1021 3599 1136 3657 peccetis
1159 3603 1248 3647 contre
1270 3612 1324 3646 nae

204 3694 288 3744 turam
307 3692 463 3736 reieruntur.
496 3689 569 3736 Geni.
586 3689 610 3735 J.
627 3690 656 3735 Ρ.
679 3689 824 3742 sitisset,
844 3688 892 3734 Die
911 3688 1003 3746 heiliga
1019 3687 1125 3751 Schriit,
1144 3690 1186 3735 ihr
1205 3689 1318 3736 Charae-

203 3785 254 3840 ter,
273 3782 330 3834 ihre
339 3781 497 3839 Bedeutung‚
517 3780 568 3826 und
581 3779 630 3825 wie
642 3781 680 3824 sie
695 3791 729 3823 nu
745 3779 827 3826 lesen.
851 3779 997 3838 Whrnhurg
1019 3780 1097 3826 teto.
1108 3793 1136 3840 p.
1148 3780 1265 3828 29-35.
1276 3779 1319 3826 Vl.

158 3863 184 3930 ⁸]
204 3871 277 3923 euni.
301 3873 378 3931 Aug.
405 3873 508 3921 lieret.
528 3871 708 3928 iliemeyer
732 3871 872 3918 comment.
891 3871 923 3916 de
941 3871 1156 3930 interpretatione
1182 3885 1203 3918 a.
1226 3871 1318 3929 Scrip-

203 3965 278 4008 turee
293 3961 610 4022 populerioertisregalis
628 3962 819 4021 adstringende,
838 3973 888 4007 nen
905 3961 1056 4012 arbitraria.
1075 3961 1105 4010 Ρ.
1127 3963 1146 4009 i.
1162 3963 1221 4012 liei.
1240 3963 1321 4016 1⁷08,

159 4044 185 4111 ⁸)
205 4051 353 4104 Vereiceeem
384 4053 416 4098 ad
446 4052 552 4100 verbum
576 4053 671 4099 iactam
693 4054 726 4098 ad
760 4052 942 4110 expositionem
974 4054 1090 4112 doctam,
1119 4053 1227 4101 liberem
1255 4064 1320 4100 rere

203 4143 235 4188 ad
254 4143 384 4205 vulgarent
400 4145 586 4194 ercensendam
603 4157 671 4202 esee,
692 4145 822 4202 descripte
839 4145 970 4204 utriusque
989 4145 1088 4190 indoles
1099 4143 1136 4203 (s.
1147 4139 1222 4206 209.)
1233 4143 1317 4188 docet.

203 4232 373 4279 Nihilominus
399 4237 482 4280 temen
516 4233 651 4282 versiones
679 4247 779 4293 quoque
809 4234 911 4278 literam
944 4235 1063 4293 pressius
1095 4235 1251 4294 sequentes,
1291 4235 1319 4277 et

204 4326 346 4381 propterea
364 4336 467 4387 semper
483 4323 600 4370 nonnihil
616 4325 757 4378 obscuras,
778 4335 826 4381 per
847 4327 921 4370 notes
939 4323 1034 4372 ireres
1053 4327 1129 4384 atque
1147 4323 1239 4382 plenas
1257 4321 1318 4378 usui

204 4411 291 4474 popuii
303 4413 472 4474 attemperari
490 4425 585 4480 poene,
606 4425 653 4472 per
676 4427 705 4460 se
722 4411 880 4471 intelligitur.
