3092 5286
1264 446 1341 522 tlt

244 627 275 688 i.
301 619 519 689 consideratio
548 624 596 688 rei
623 629 751 687 naturae
776 623 992 688 addictorum
1020 641 1146 686 sensum
1162 624 1341 688 adcuratine

148 730 357 798 deliniendum
374 736 406 796 ct
421 731 639 795 illustrandum
655 728 783 817 faeit¹).

242 845 273 906 2.
297 840 562 924 Frequentissime
577 840 703 902 termini
724 839 879 904 dictorum
900 840 960 902 hoe
976 837 1116 902 subsidio
1141 838 1339 903 constitunn-
1395 907 1397 914 ,

152 954 217 1042 tur,
234 949 318 1030 quod
335 967 372 1012 eo
389 947 517 1030 majoris
533 948 680 1010 momenti
697 951 756 1027 est,
777 947 955 1029 quominus
972 967 997 1010 s.
1016 947 1199 1030 scripturae
1215 948 1339 1012 dicendi

147 1053 232 1120 ratio
260 1057 299 1119 ad
321 1054 459 1142 rigorem
481 1054 733 1139 philosophicum
749 1055 791 1118 sit
807 1056 950 1135 redacta,
977 1055 1087 1140 reique
1111 1056 1338 1142 consignandae

147 1169 296 1228 accurate
312 1183 436 1245 semper
451 1163 615 1228 conveniat
625 1162 668 1251 ²).

239 1275 272 1340 3.
296 1273 331 1336 ln
347 1271 600 1336 similitudinibus
615 1272 746 1355 aliisque
763 1273 1048 1356 comparationibus
1063 1273 1202 1353 tertium,
1225 1273 1258 1336 in
1274 1295 1336 1358 quo

145 1399 199 1444 res
227 1381 428 1462 conveniunt,
460 1381 568 1466 nequit
593 1380 742 1467 intelligi,
766 1381 828 1444 nisi
849 1383 1029 1446 attendetur
1050 1381 1089 1443 ad
1112 1385 1253 1446 naturam
1277 1381 1336 1462 rei,

152 1509 233 1572 quae
250 1496 459 1573 eomparatur,
476 1495 508 1554 et
524 1491 619 1570 illius,
637 1511 768 1573 quaeum
784 1488 1034 1574 comparatnr⁸).

240 1597 406 1662 Caeterum
423 1619 481 1683 per
495 1619 529 1663 se
545 1605 643 1682 patet,
665 1621 782 1680 rerum,
806 1600 845 1662 de
861 1599 974 1683 quibus
989 1619 1093 1662 sermo
1115 1601 1174 1677 est,
1193 1603 1335 1662 naturam

145 1705 185 1769 ab
201 1705 375 1790 interprete
391 1707 436 1770 ita
448 1707 658 1790 accipiendam
675 1725 755 1789 eene,
771 1712 867 1791 prout
882 1728 901 1771 a
916 1708 1064 1792 loquente
1079 1708 1112 1770 in
1128 1707 1193 1770 suis
1206 1706 1335 1790 adjunc-

144 1815 189 1879 tis
217 1817 356 1901 cogitata
380 1817 581 1881 existimanda
602 1821 661 1880 est.
685 1816 864 1882 Cavendum
888 1837 964 1902 ergo
991 1821 1061 1894 est,
1090 1835 1129 1878 ne
1154 1815 1335 1880 auctoribus

149 1925 268 2004 saeris,
292 1924 423 2010 aliisque
444 1925 477 1988 in
499 1945 525 1987 s.
542 1924 708 2006 Scriptura
721 1923 921 2010 loquentibus
944 1923 1092 1988 subtilior
1105 1945 1210 1988 rerum
1224 1923 1338 1987 notitia

148 2032 318 2112 tribuatur,
339 2054 430 2117 quam
445 2053 556 2096 revera
572 2032 762 2114 babuerunt,
787 2043 819 2097 et
834 2053 873 2096 ne
890 2031 953 2097 illis
976 2032 1110 2096 eruditio
1139 2033 1336 2112 obtrudatur,

150 2160 212 2223 qua
228 2141 363 2223 praediti
385 2163 447 2206 uon
463 2141 589 2206 inerunt
601 2137 644 2226 ⁴).

172 2284 199 2354 ¹)
219 2289 263 2336 Sic
283 2303 306 2337 e.
326 2303 351 2350 g.
372 2293 480 2350 praevie
495 2290 645 2350 cognitione
664 2303 696 2337 ao
714 2290 919 2339 consideratione
939 2291 1108 2338 institutionis
1132 2301 1163 2337 tc
1182 2290 1338 2336 celebratio·

215 2381 258 2426 nie
276 2381 412 2427 Pescbatis
428 2381 524 2441 judaici
542 2381 634 2442 (bxod.
653 2382 712 2428 xii.
731 2382 803 2443 xiii,
825 2381 937 2444 t-io.)
956 2383 1143 2442 intelliguntur,
1164 2395 1231 2442 quae
1250 2385 1337 2429 exunt

215 2471 292 2518 doen.
313 2473 339 2530 l,
361 2473 405 2518 29.
426 2471 496 2519 ane
515 2473 670 2533 consultet,
691 2486 752 2521 eece
766 2473 812 2534 qui
831 2473 900 2520 tollit
913 2475 1052 2535 peecatum
1066 2473 1171 2531 mundi,
1190 2476 1218 2520 et
1237 2473 1259 2520 Ι.
1273 2472 1335 2520 (tor.

216 2561 248 2622 V,
268 2563 293 2608 7.
312 2561 473 2624 Expuroote
487 2565 563 2609 uetus
580 2560 761 2624 fermentum,
781 2565 813 2610 ot
829 2563 890 2611 sitio
909 2577 981 2610 noco
999 2563 1168 2626 conspersio,
1187 2563 1257 2610 sieut
1271 2561 1335 2610 arte

217 2652 314 2714 cneori.
334 2653 440 2700 Etenim
455 2653 558 2716 poneba
574 2656 698 2702 nostrum
714 2653 868 2702 immolatus
889 2656 929 2702 eet
949 2653 1080 2702 ebriatus.

169 2736 196 2804 θ)
215 2743 336 2790 Proiecto
353 2744 519 2791 considerate
537 2745 576 2792 rei
591 2748 683 2792 nature
697 2745 787 2792 biattb.
804 2744 853 2802 Vi,
874 2745 917 2790 31.
936 2757 987 2790 non
1013 2747 1094 2790 omnis
1121 2757 1185 2792 cure
1209 2745 1334 2792 bonorum

217 2834 400 2890 terrestrium,
420 2834 477 2881 sine
496 2847 546 2894 que
564 2836 710 2882 consistere
729 2835 844 2882 eocietus
858 2823 909 2879 non
929 2838 1033 2892 posset,
1052 2833 1141 2880 blattis.
1160 2835 1220 2890 vii,
1243 2837 1265 2881 i.
1284 2847 1336 2880 non

214 2936 287 2970 onne
302 2923 427 2983 judicium
446 2924 477 2971 de
500 2925 574 2985 eliis,
593 2925 651 2972 sine
670 2937 720 2984 qno
739 2926 800 2972 lites
820 2925 957 2971 societatis
988 2935 1116 2982 nunquam
1142 2923 1331 2983 dirimerentur,

215 3013 396 3073 interdictione
415 3025 463 3061 nee
482 3015 570 3062 biettb.
588 3014 658 3073 XIX,
684 3015 729 3060 et.
755 3013 876 3062 absolute
900 3013 1097 3072 impossibiliter
1118 3012 1184 3060 coeli
1205 3013 1336 3060 obtinendi

214 3104 288 3151 diviti
308 3103 449 3163 urentur,
468 3117 526 3150 cum
546 3103 651 3151 divitiae
666 3105 743 3150 talem
763 3103 995 3164 impossibilitatem
1015 3115 1066 3150 non
1083 3103 1223 3150 involvent.

170 3187 197 3255 8)
217 3193 477 3249 1tsGeueexu1x,
497 3196 523 3240 9.
547 3192 654 3241 Catulus
675 3193 760 3241 leonte
779 3194 852 3242 Joda
875 3195 964 3254 nequit
988 3193 1112 3252 intelligi,
1141 3193 1191 3238 nisi
1216 3193 1248 3239 ed
1267 3204 1330 3250 pro-

211 3285 337 3363 prietates
356 3284 414 3330 talis
434 3285 511 3330 eatuli
531 3283 690 3344 attenditur,
711 3297 806 3343 eaeque
825 3295 883 3330 cum
901 3282 1104 3342 proprietatibus
1123 3281 1205 3329 Judae
1224 3294 1329 3341 eompu-

210 3376 312 3429 rentur,
326 3373 427 3434 isteque
436 3376 536 3422 ratione
547 3373 734 3432 convenientis,
745 3385 810 3434 quoe
821 3373 887 3419 luter
898 3374 945 3419 bes
960 3375 986 3420 et
998 3373 1058 3419 illas
1072 3370 1217 3431 intercedit,
1232 3371 1329 3432 figitur.

165 3453 192 3520 ⁴)
213 3465 298 3521 Quare
315 3477 338 3511 e.
353 3478 379 3523 g.
398 3463 491 3510 doenni
507 3464 686 3523 Evangeltetee
705 3475 761 3510 eum
778 3463 930 3523 quibusdem
946 3462 1136 3510 recentioribus
1160 3475 1212 3509 non
1230 3463 1331 3510 tribune

211 3553 385 3612 cognitionem
403 3555 581 3614 philosophiae
598 3556 758 3615 platonicae,
776 3557 858 3616 unde,
874 3558 903 3602 ut
920 3555 1025 3614 volunt,
1052 3554 1170 3602 hauserit
1188 3566 1237 3614 ee,
1264 3567 1331 3615 quae

210 3642 243 3690 de
261 3637 342 3708 Λόγῳ
359 3645 460 3694 scribit.

283 3735 321 3782 De
340 3737 506 3782 restrictione
526 3735 636 3782 subsidit
655 3748 686 3782 ex
704 3748 790 3782 rerum
809 3738 902 3784 nature
919 3734 995 3795 petiti
1015 3733 1047 3782 ob
1066 3735 1176 3785 indolem
1197 3750 1221 3785 e.
1241 3737 1332 3799 Serip-

210 3827 284 3872 turee
303 3825 412 3872 divinem
430 3825 488 3872 vide
510 3825 579 3874 Seet.
598 3827 629 3874 il.
651 3827 714 3886 cup.
733 3828 753 3873 l.
772 3823 799 3890 §-
821 3827 881 3874 168.
941 3831 943 3838 ’

582 4040 821 4124 AitilcUbUs
845 4041 884 4105 ll.

406 4199 565 4264 stultitiis
585 4199 717 4258 bolibut
734 4198 771 4257 nc
790 4199 871 4258 lelll
889 4199 1060 4258 lllSPllSillltl.

290 4384 317 4449 §-
335 4379 376 4440 ot.
392 4383 537 4457 utriusque
553 4384 762 4444 considerandae
778 4385 929 4446 uetessttes
947 4386 1030 4458 atone
1047 4385 1172 4445 nubitur.

224 4531 315 4606 Quod
334 4529 399 4612 jam
417 4554 468 4612 ea,
487 4555 565 4617 quae
581 4535 612 4598 in
628 4534 786 4617 loquentis
802 4536 904 4600 enimn
921 4535 1078 4612 resident,
1101 4532 1231 4610 attinet,
1258 4534 1325 4592 tum

133 4641 260 4722 inuenti
283 4638 431 4724 ejusdem,
456 4647 522 4706 turn
545 4649 651 4710 animi
664 4647 777 4711 edicte
792 4647 873 4712 tolle
897 4644 978 4709 ratio
995 4642 1135 4705 habende
1150 4645 1211 4702 est.
