3092 5286
239 395 317 472 220

309 581 438 626 murum
458 579 561 624 eaedem
579 587 630 624 aon
650 576 718 636 alut,
744 576 836 636 quodrl
855 587 917 623 vero
938 578 971 624 de
993 579 1278 639 aeramentorum,
1298 593 1324 628 e.
1345 591 1370 640 g.
1385 581 1424 630 ‘do

309 670 367 726 illa,
391 680 457 730 quaa
476 667 609 728 dicomulta
628 679 719 714 versus
743 668 839 716 smnus
858 666 1081 728 proficiscentibus
1102 671 1229 730 contigit,
1258 671 1362 720 duobus
1381 676 1426 720 aut

309 760 426 820 pluribus
444 761 522 820 locis,
539 759 578 806 uti
596 759 659 806 bne.
677 757 764 820 xxiv,
786 760 828 806 18.
848 771 904 820 sqq.
923 759 1003 808 blare.
1021 760 1086 822 xlv,
1107 761 1148 808 12.
1162 773 1249 810 sermo
1265 765 1319 824 est,
1338 764 1424 824 paral·

308 852 425 901 lelirmua
441 850 467 897 tu
484 848 628 910 argutarum
644 849 812 897 strictissimo
829 849 947 898 babetur.

550 989 578 1058 s.
593 986 647 1046 ltt.
663 985 735 1066 duaa
749 989 876 1061 pronos
890 989 1114 1062 madebunt

329 1117 490 1203 llultiplex
514 1121 546 1180 et
571 1117 676 1180 varius
701 1116 843 1180 locorum
858 1117 1080 1200 parallelorum
1100 1137 1178 1182 usus
1198 1120 1237 1182 ad
1263 1119 1428 1204 sequentia

241 1229 310 1294 iere
326 1227 430 1312 capita
444 1223 558 1290 reterri
573 1228 695 1307 potest:

229 1356 235 1369 ·
332 1339 362 1402 1.
386 1335 466 1400 Loci
479 1333 622 1418 paralleli
636 1353 725 1396 nsum
748 1333 897 1418 loquendi
912 1331 1080 1413 deliniunt,
1104 1335 1176 1398 dum
1192 1353 1289 1399 voees
1306 1340 1341 1399 et
1363 1334 1427 1398 dio·

243 1446 363 1526 tiones‚
396 1464 475 1529 quae
501 1443 534 1506 iu
561 1463 622 1505 uno
649 1441 721 1505 loco
750 1442 901 1506 obscurae
921 1442 971 1506 rol
998 1443 1157 1530 ambiguae
1185 1449 1277 1524 sunt,
1306 1443 1341 1506 in
1368 1443 1427 1508 alio

243 1554 429 1620 clarioribus
455 1553 634 1634 illustrent,
657 1551 707 1615 vel
735 1572 792 1634 per
820 1556 999 1616 contextum
1028 1557 1082 1616 aut
1108 1553 1233 1636 adjecta
1248 1553 1427 1616 accuratius

241 1663 449 1730 determinent
462 1659 503 1748 ¹).
528 1661 597 1725 lloc
613 1659 815 1744 parallelismi
830 1659 1039 1743 adjumentum
1055 1662 1197 1745 inprimis
1214 1666 1425 1746 opportunum

241 1791 312 1838 esse
338 1772 378 1834 ad
405 1769 623 1854 expressiones
644 1773 676 1832 et
703 1767 947 1854 significationes
973 1768 1187 1850 difficiliores,
1218 1771 1330 1855 quales
1358 1775 1428 1833 sunt

243 1880 382 1944 rariores
400 1884 431 1943 et
448 1879 517 1942 aliis
533 1877 681 1942 subsidiis
696 1897 757 1940 nou
780 1877 812 1940 iu
834 1881 905 1942 tuto
927 1878 1068 1960 positae,
1093 1879 1313 1958 illustrandas,
1339 1883 1430 1963 atque

242 1990 281 2053 ad
295 2007 387 2052 usum
402 1987 592 2071 peculiarem
609 1985 838 2071 explicandum,
862 2006 920 2069 per
936 2006 970 2051 se
984 1985 1173 2073 intelligitur
1184 1985 1227 2073 ³).

333 2101 365 2162 2.
389 2095 509 2176 Quodsi
533 2095 660 2160 dubium
685 2100 751 2178 est,
782 2100 885 2160 utrum
907 2115 1002 2160 voces
1026 2097 1076 2160 vel
1097 2096 1269 2176 formulae,
1294 2096 1429 2179 quaein

244 2210 407 2289 utramque
431 2210 551 2288 partem
576 2205 659 2270 verti
679 2208 827 2290 possunt,
851 2205 982 2290 proprio
1006 2226 1045 2270 an
1059 2205 1183 2288 tropice
1205 2204 1427 2291 intelligendae

242 2311 324 2392 sint,
348 2312 523 2377 certissime
538 2312 698 2396 posterius
719 2314 916 2378 statuendum
933 2319 1000 2396 est,
1025 2314 1274 2398 quotiescunque
1296 2313 1330 2376 in
1352 2313 1428 2378 locis

242 2421 402 2505 parallelis
426 2420 643 2504 expressiones
660 2421 802 2486 diversae
817 2426 871 2486 aut
886 2422 978 2505 plane
1000 2422 1177 2487 contrariae
1205 2423 1336 2486 eandem
1364 2443 1427 2486 rem

243 2535 500 2614 repraesentant3
522 2533 644 2610 retenta
658 2550 733 2594 vero
745 2531 851 2594 eadem
862 2531 960 2595 dictio
976 2532 1063 2615 tropi
1078 2531 1290 2614 suspicionem
1306 2532 1427 2614 minuit,

240 2639 318 2704 licet
332 2639 415 2702 idem
433 2643 545 2724 tropus
562 2643 742 2704 constanter
756 2641 859 2724 possit
875 2641 994 2706 servari
1005 2637 1048 2726 ⁸).

332 2750 365 2815 3.
389 2749 451 2812 Per
462 2795 464 2798 -
477 2747 567 2811 locos
594 2749 761 2830 parallelos
785 2749 867 2814 sicut
882 2770 962 2836 vaga
978 2771 1086 2814 vocum
1103 2753 1135 2814 et
1149 2749 1310 2834 phrasium
1327 2751 1425 2832 notio,

243 2856 290 2920 ita
305 2860 337 2920 et
352 2855 468 2921 limites
491 2857 715 2922 sententiarum
738 2858 1001 2938 determinantur3
1032 2858 1154 2922 scilicet
1181 2856 1268 2920 notio
1298 2861 1332 2920 et
1346 2877 1428 2921 sen·

241 2965 341 3030 tentia
356 2985 394 3029 eo
411 2966 523 3042 modo,
552 2985 651 3050 eoque
668 2967 784 3030 ambitu
800 2972 853 3030 aut
870 2987 906 3031 ea
920 2967 1123 3030 restrictione
1140 2967 1290 3030 sumenda
1305 2971 1378 3046 est,
1397 2968 1430 3028 ut

241 3095 311 3139 cum
328 3073 408 3138 locis
425 3073 600 3158 parallelis,
625 3074 653 3136 si
668 3080 796 3158 praesto
813 3080 903 3154 sunt,
928 3075 1093 3140 conveniat
1104 3071 1147 3162 ⁴).

333 3185 365 3248 b.
389 3181 566 3245 Pleniorem
588 3204 707 3262 rerum,
732 3183 886 3247 laetorum
914 3190 945 3248 et
975 3185 1187 3248 doctrinarum
1216 3181 1427 3268 cognitionem

242 3297 277 3357 ut
304 3293 469 3375 plurimum
496 3291 576 3355 locis
604 3291 761 3374 parallelis
787 3287 819 3355 in
847 3293 985 3375 acceptis
1001 3293 1192 3376 reperimus,
1217 3313 1287 3356 cum
1314 3291 1428 3375 passim

243 3401 422 3465 eorumdem
448 3400 604 3464 factorum
626 3400 773 3484 adjuncto
799 3401 831 3464 in
853 3423 914 3466 uno
940 3401 1013 3466 loco
1030 3405 1084 3466 ant
1110 3401 1201 3483 plane
1219 3400 1355 3482 omissa,
1380 3405 1429 3463 ant

241 3509 351 3591 paneis
365 3513 485 3572 tantum
501 3509 683 3594 indigitata‚
708 3509 770 3573 alio
786 3510 857 3574 loco
875 3508 1094 3594 suppleantur,
1119 3512 1172 3572 sut
1188 3505 1318 3570 uberius
1335 3527 1429 3589 expo·

243 3619 366 3700 uantur,
377 3616 427 3680 vel
440 3617 612 3699 doctrinae,
625 3619 656 3680 in
669 3639 730 3682 nno
745 3618 816 3683 loeo
830 3639 866 3683 ex
878 3639 938 3682 uua
949 3617 1050 3682 solnm
1062 3621 1153 3699 parte
1166 3620 1338 3700 spectatae,
1360 3615 1431 3678 alibi

243 3743 280 3786 ex
296 3723 428 3788 dirersis
444 3725 586 3809 partibus
602 3727 856 3808 oorrsiderentur,
882 3732 913 3792 et
934 3726 1107 3812 generatim
1128 3725 1304 3808 scriptores
1326 3744 1427 3807 popu·

242 3832 344 3916 lares,
374 3834 480 3917 quales
509 3839 582 3899 sunt
608 3835 731 3916 biblici,
755 3837 840 3921 stylo
867 3835 968 3916 minus
997 3839 1144 3914 accurato
1168 3838 1199 3899 et
1225 3835 1265 3898 ad
1291 3833 1428 3918 rigorem

243 3941 378 4024 logicum
408 3962 470 4004 non
498 3943 673 4026 composito
697 3944 760 4024 nti,
797 3949 829 4009 et
857 3946 895 4008 de
922 3943 1070 4024 materia,
1106 3962 1196 4028 mam
1222 3945 1428 4024 pertractant,

242 4049 343 4112 solnm
360 4071 398 4114 ea
414 4052 518 4137 eloqui
540 4053 680 4136 soleant,
705 4072 784 4134 quac
801 4051 941 4135 proxime
958 4050 1111 4115 orationis
1129 4050 1255 4113 occasio
1276 4049 1427 4131 postulat,

242 4156 287 4220 ita
316 4163 352 4222 ut
380 4161 500 4224 demum
529 4161 717 4245 comparatis
744 4161 885 4246 pluribus
911 4160 1007 4224 loeis
1021 4161 1059 4223 de
1076 4159 1183 4224 eadem
1210 4179 1246 4222 re
1262 4156 1426 4242 agentibus

243 4267 421 4332 accuratior
438 4271 525 4334 notio
544 4271 723 4336 obtineatur
732 4269 774 4357 5).

264 4433 266 4442 .
331 4377 363 4442 5.
388 4378 422 4440 ln
450 4379 554 4460 specie
583 4380 676 4456 etiam
700 4379 970 4466 pragmatismom‚
996 4398 1086 4462 quem
1102 4377 1211 4442 dicunt
1231 4373 1427 4454 historicum,

242 4483 332 4566 cujus
357 4487 496 4573 cognitio
520 4489 558 4551 ad
580 4489 776 4573 perspicuam
801 4493 833 4552 et
856 4486 1170 4552 exactamhistoriae
1192 4483 1427 4568 intelligentiam

242 4596 353 4659 deesse
369 4617 429 4660 non
441 4601 566 4680 potest,
590 4598 672 4662 haud
688 4619 761 4662 raro
779 4597 1016 4663 subministrant
1031 4595 1095 4660 loci
1111 4591 1254 4698 paralleli
1266 4582 1308 4675 ⁸).
