3118 5282
1240 491 1319 568 359

131 664 255 731 Etenim
272 663 299 728 si
323 685 411 730 nsum
428 665 574 749 loquendi
591 661 737 728 biblicum
755 672 895 748 spectas,
913 672 1128 752 praeterquam
1150 668 1234 750 quod
1258 668 1320 731 lin·

131 795 264 861 gnarum
288 773 485 837 orientalium
507 774 622 856 peritia
643 795 704 836 nnn
728 793 834 838 omnes
857 775 1064 857 carebant'),
1087 777 1190 864 lingua
1204 789 1319 864 graeca

131 887 262 948 Petrum
277 877 463 969 graccorum
480 891 547 946 erat
562 883 738 962 vernacula,
754 884 900 948 Patribus
913 884 1018 948 latinis
1033 886 1083 949 rix
1100 907 1160 950 non
1177 887 1320 952 omnibus

132 993 214 1058 satis
232 981 366 1072 notn‘J.¹
399 991 508 1074 ltaque
533 991 655 1054 ratione
682 1009 807 1076 quoqne
829 993 868 1054 V.
885 993 924 1056 Τ.
940 992 1084 1074 luerunt,
1115 995 1168 1078 qui
1190 999 1320 1076 possent

131 1101 223 1164 adire
244 1100 361 1166 textum
385 1101 603 1187 originarium
631 1099 771 1164 hebraici
794 1121 870 1165 vero
893 1101 1050 1166 idiomatis
1072 1103 1225 1186 imperitis
1246 1124 1319 1166 ver-

131 1211 223 1274 sione
240 1209 457 1290 Alexandrina,
473 1227 552 1292 quae
568 1227 677 1292 magna
692 1209 832 1291 pollebat
847 1211 1045 1294 anctoritate,
1061 1213 1111 1274 rel
1129 1212 1198 1276 aliis
1213 1216 1320 1276 trans-

132 1319 303 1382 lationibus
320 1317 537 1400 hexaplaribns
552 1317 599 1379 nti
615 1319 720 1380 datum
738 1322 816 1382 erat.
840 1318 974 1382 Ratione
989 1320 1029 1384 N.
1048 1319 1082 1382 ll.
1100 1325 1204 1384 textus
1221 1320 1320 1404 orlgi-

132 1426 243 1490 narius
265 1445 322 1510 per
337 1445 371 1489 se
386 1427 437 1488 vix
454 1425 548 1488 alicui
568 1427 736 1510 impervius
757 1426 828 1490 luit.
868 1427 909 1490 lit
925 1428 953 1490 si
967 1427 1035 1490 fors
1052 1428 1103 1490 uni
1120 1427 1249 1492 alterive
1266 1449 1320 1491 ac·-

136 1533 280 1598 curatior
302 1536 454 1598 sermonis
469 1536 578 1621 graeci
593 1536 707 1617 peritia
723 1535 893 1615 defuisset,
910 1541 1036 1618 praesto
1054 1541 1143 1600 erant
1158 1538 1320 1601 versiones

129 1644 260 1720 latinae,
276 1643 452 1725 intorques
468 1644 578 1707 saltem
596 1643 673 1706 ltela
688 1643 849 1708 commode
866 1649 898 1708 et
914 1662 983 1708 eum
996 1645 1168 1708 securitate
1179 1645 1320 1708 adbiberi

132 1758 278 1836 poterat,
302 1757 413 1836 utpote
437 1773 515 1835 quae
536 1758 619 1816 teste
634 1751 810 1837 Augustino
827 1756 897 1816 erut
911 1752 1075 1815 verborum
1090 1754 1233 1816 tenacior
1249 1770 1318 1815 cnm

130 1859 359 1944 perspicuitate
375 1859 556 1922 sententiae.
591 1861 678 1937 Quae
703 1877 772 1920 cum
794 1858 839 1922 ita
861 1859 941 1940 sint,
965 1858 1107 1922 deiectus
1130 1859 1320 1943 cognitionis

135 1969 310 2054 linguarum
326 1989 387 2031 non
405 1969 508 2050 potuit
523 1969 687 2050 impedire,
705 1989 766 2052 quo
782 1967 884 2031 minus
901 1967 1073 2032 insensum
1091 1989 1116 2031 s.
1134 1969 1321 2052 scripturae

133 2084 302 2163 penetrare
317 2082 457 2160 possent.
496 2076 562 2142 Nec
578 2078 680 2140 minus
696 2081 783 2142 certe
799 2073 956 2140 adirmare
972 2077 1064 2154 licet,
1082 2078 1173 2140 etiam
1190 2077 1320 2140 notitias

132 2185 320 2267 historicas,
347 2205 425 2268 quae
448 2185 673 2268 expositionem
688 2185 832 2247 biblicum
848 2189 1036 2266 praeparant
1052 2188 1145 2267 atque
1162 2183 1319 2268 adjuvant,

133 2296 281 2358 Patribus
308 2298 434 2377 praesto
451 2293 567 2371 luisse,
596 2298 706 2376 utpote
730 2293 843 2378 quibus
865 2311 917 2356 res
933 2293 1079 2370 biblicus,
1106 2295 1217 2374 partim
1236 2293 1319 2375 quod
1350 2351 1351 2354 ,

132 2403 204 2466 loca
222 2402 440 2488 regionesque,
456 2421 535 2485 quae
550 2403 582 2464 in
599 2402 766 2485 Scriptura
781 2411 1072 2478 commemorantur,
1089 2401 1234 2479 invisere,
1247 2423 1320 2486 par-

131 2511 189 2576 tim
207 2512 442 2595 quadratorum
458 2509 646 2574 ludaeorum
675 2510 947 2588 consuetudinem,
971 2511 1021 2575 uel
1044 2517 1199 2574 recentem
1221 2509 1321 2592 majo-

133 2641 203 2684 rum
218 2619 422 2682 traditionem
437 2619 601 2684 consulere
617 2619 745 2700 liceret,
770 2619 892 2683 discere
908 2619 1019 2684 melius
1036 2635 1127 2700 quam
1145 2619 1236 2682 nobis
1253 2623 1322 2682 erat

134 2723 374 2805 concessuw).

227 2834 293 2898 Nec
310 2835 391 2918 qnod
409 2833 503 2896 nimio
527 2830 748 2918 allegoriarum
775 2833 880 2896 studio
897 2833 1114 2910 traherentur,
1139 2837 1172 2896 et
1193 2851 1319 2895 sensnm

133 2942 288 3006 literalem
306 2942 395 3026 justo
419 2941 490 3024 plus
506 2941 718 3027 negligerent,
743 2961 799 3004 eos
814 2939 985 3025 generatim
1002 2959 1153 3003 accusare
1169 2940 1253 3003 licet.
1280 2943 1319 3002 st

134 3051 287 3133 imprimis
314 3051 437 3134 quidem
465 3050 542 3115 baec
568 3050 727 3114 accusatio
751 3051 790 3113 de
814 3069 850 3112 ea
872 3056 1050 3112 sanctornm
1073 3051 1197 3112 Patrem
1220 3049 1320 3112 inter-

135 3159 325 3242 pretatione,
341 3179 403 3242 qna
418 3178 529 3223 sensns
545 3158 670 3242 mystici
687 3157 904 3242 explorationi,
922 3177 1012 3241 quam
1025 3156 1131 3239 justae
1149 3157 1321 3220 suadebant

135 3269 292 3348 rationes,
321 3285 448 3350 operam
477 3269 644 3344 dederunt,
671 3268 794 3332 minime
816 3266 909 3330 valet.
947 3264 1068 3330 Etenim
1092 3267 1119 3328 si
1135 3282 1241 3328 verum
1258 3269 1319 3345 est,

137 3377 220 3460 qaod
247 3375 310 3439 alic
335 3375 366 3439 in
388 3376 461 3439 leco
482 3374 581 3439 firmis
604 3375 797 3460 argumentis
813 3375 1045 3438 demonstrasse
1062 3371 1152 3436 nobis
1168 3373 1320 3452 videmur,

111 3464 113 3472 Ι
136 3489 283 3548 auctores
299 3485 432 3548 biblicos
448 3503 562 3549 reuera
572 3485 697 3566 saepius
710 3505 728 3547 a
739 3483 860 3566 Spiritu
870 3493 979 3546 sancto
992 3483 1037 3544 ita
1054 3483 1193 3546 directos
1208 3482 1319 3563 fuisse,

134 3600 170 3656 nt
187 3594 323 3657 orationi
339 3613 413 3656 suae
428 3599 555 3677 praeter
570 3613 694 3656 sensnm
709 3592 944 3679 grammaticum
960 3596 994 3654 et
1009 3591 1211 3670 historicum,
1226 3591 1320 3654 alium

133 3701 347 3766 sublimiorem
364 3701 571 3784 subjicerent,
597 3699 742 3782 profecto
759 3699 886 3780 Patres,
914 3699 968 3783 qui
994 3699 1088 3762 talem
1105 3717 1247 3777 sensnm,
1265 3699 1318 3762 ubi

133 3807 364 3873 sufficientibus
380 3808 554 3872 rationibus
571 3808 657 3871 ducti
674 3828 742 3874 eum
759 3808 816 3870 sub
833 3807 928 3870 rebus
945 3809 1037 3870 litera
1054 3807 1210 3888 expressis
1220 3807 1320 3870 latere

133 3918 372 3996 intellexerunt,
394 3916 590 3998 expositione
615 3916 832 3998 proterendum
849 3915 1078 3994 existimarunt,
1102 3913 1319 3996 servatisjns·

133 4027 187 4106 tis,
204 4045 283 4110 quos
301 4025 386 4112 leges
403 4025 654 4088 hermeneuticae
670 4025 897 4106 praescribunt,
915 4023 1076 4104 limitibus.
1093 4023 1171 4086 bene
1189 4043 1320 4104 proces·

134 4139 252 4212 serunt,
270 4134 404 4216 ideoque
421 4153 482 4194 non
497 4128 755 4216 reprehendendi,
772 4133 825 4194 sed
844 4131 988 4194 laudandi
1005 4137 1086 4193 suot.

226 4245 343 4308 lleinde
359 4241 497 4326 quemvis
514 4243 618 4324 plures
636 4261 744 4305 eorum
754 4289 762 4322 ,
787 4241 973 4323 praesertim
990 4239 1043 4321 qui
1060 4237 1205 4324 Origenis
1221 4238 1319 4301 vesti·

132 4356 184 4442 gia
200 4359 400 4438 presserunt,
423 4353 506 4435 quod
524 4373 584 4413 non
599 4347 788 4428 inficiamur,
810 4368 903 4411 sensu
920 4350 1064 4431 mystico,
1088 4346 1141 4429 qni
1157 4346 1253 4410 certis
1270 4347 1319 4408 in-

134 4463 226 4528 diciis
248 4461 409 4542 proditur,
432 4481 494 4522 non
517 4457 655 4520 contenti
672 4477 709 4520 eo
726 4457 890 4542 progressi
905 4457 987 4536 sint,
1008 4461 1043 4517 nt
1060 4454 1223 4518 eventibus
1239 4477 1319 4538 quo-

134 4593 193 4656 que
209 4587 322 4634 sensus
338 4567 536 4634 sublimiores
552 4565 742 4644 tribuerent,
764 4565 877 4648 quibus
892 4566 973 4628 tales
990 4565 1028 4626 ab
1044 4562 1227 4625 auctoribus
1244 4565 1319 4626 rub-

128 4679 235 4764 Jectos
250 4675 350 4739 luisse
366 4674 488 4738 ostendi
514 4672 640 4755 nequit,
669 4693 729 4736 noo
751 4674 852 4736 minus
874 4693 980 4738 verum
1007 4678 1071 4750 est,
1099 4671 1206 4753 plures
1227 4671 1318 4749 alios,
