3120 5294
1261 469 1337 544 117

143 647 262 711 hahent
283 649 465 726 communia,
489 650 629 732 adeoque
652 648 744 729 talia,
768 669 847 731 quae
871 651 909 712 ad
937 653 1072 711 mutuam
1096 649 1337 713 illustrationem

143 761 178 819 et
195 756 433 840 explicationem
456 758 583 842 egregie
599 757 717 820 iaciant
730 753 770 842 ¹).

236 869 267 929 2.
292 865 349 928 iiis
376 869 529 930 accedunt
552 865 752 949 Apocrypha
774 871 840 928 tum
868 865 903 928 V.
927 869 992 928 tum
1017 866 1056 929 N.
1078 867 1134 948 ’1.,
1170 887 1188 931 a
1216 865 1338 950 quihus,

144 995 215 1038 cum
238 975 347 1038 eodem
376 974 522 1038 idiomate
544 979 575 1038 ot
600 976 706 1038 eadem
729 974 797 1038 iere
821 955 941 1052 aetate,
978 995 1039 1056 qua
1068 976 1223 1060 genuina,
1263 994 1340 1038 cou-

144 1082 266 1164 scripta
283 1082 356 1164 siut,
381 1103 439 1146 uec
456 1103 517 1146 noo
534 1083 573 1144 de
589 1081 699 1146 iisdem
715 1081 809 1146 rehus
826 1079 995 1166 reilgiosia‚
1013 1081 1196 1166 etquidem,
1215 1079 1243 1142 ai
1261 1100 1338 1162 apo-

142 1191 264 1276 crypha
288 1191 328 1255 N.
346 1193 384 1256 i.
403 1197 545 1272 spectes,
570 1192 609 1254 de
623 1190 734 1256 iisdem
750 1195 786 1256 ut
801 1189 968 1274 plurimum
985 1190 1138 1254 doctrinis
1161 1195 1194 1256 et
1209 1189 1339 1254 iustitu-

141 1297 187 1361 tis
205 1298 386 1361 christiania
414 1303 569 1380 tractent,
593 1320 655 1363 uon
682 1304 816 1382 possunt
843 1299 954 1362 ahease
982 1297 1152 1380 permulta,
1185 1317 1265 1382 quae
1300 1299 1339 1360 ad

142 1425 265 1468 omnem
282 1407 566 1492 hagiographorum
582 1426 672 1471 usum
694 1407 945 1492 cognoscendum
962 1405 1123 1469 conterant
1138 1400 1183 1493 ²).

235 1517 267 1580 3.
284 1513 424 1596 Denique
440 1517 500 1578 hoc
516 1513 587 1580 loco
599 1515 835 1578 commemorari
851 1515 965 1577 dehent
982 1513 1116 1578 Scholia
1133 1519 1164 1576 et
1182 1511 1339 1592 Gloseae,

143 1641 225 1707 quae
240 1628 294 1686 aut
312 1643 432 1686 omnem
448 1644 537 1686 usum
555 1622 842 1708 hagiographorum
853 1643 1055 1710 graecorum,
1073 1626 1126 1685 aut
1142 1641 1231 1684 usum
1249 1627 1337 1686 certo

140 1751 219 1794 aevo
235 1730 406 1808 valentem,
431 1735 485 1794 out
517 1732 649 1812 denique
680 1731 815 1794 obscura
839 1729 990 1813 quaedam
1018 1730 1109 1792 unius
1138 1728 1337 1812 pluriumque

141 1846 306 1902 auctorum
324 1839 535 1922 explanarunt.
561 1837 795 1920 Dispiciendum
814 1843 917 1900 mmcd
934 1842 1004 1916 est,
1032 1837 1060 1898 ai
1076 1837 1149 1918 quid
1165 1855 1222 1899 suo
1239 1837 1334 1900 scho-

140 1945 257 2009 iiorum
274 1950 306 2010 et
321 1946 499 2031 glossarum
524 1945 698 2029 scriptores
727 1945 851 2030 ingenio
881 1944 1101 2029 explicuerint,
1126 1963 1197 2008 uum
1221 1963 1239 2005 a
1262 1965 1337 2008 cou-

137 2055 334 2138 jacturarum
355 2054 535 2140 suspicione
550 2053 612 2138 ipsi
631 2053 692 2118 siut
714 2053 823 2132 liheri3
851 2053 879 2116 si
904 2073 979 2117 vcro
996 2051 1127 2117 aliorum
1144 2051 1332 2136 compilave-

144 2162 210 2226 rint
226 2168 327 2242 notas,
345 2183 417 2226 uum
433 2165 491 2226 hae
507 2183 524 2226 e
539 2163 621 2226 hono
637 2166 767 2226 auctore
785 2161 847 2226 aiut
863 2157 1072 2247 desumtaet).

233 2271 344 2350 Quoad
359 2271 493 2353 piurima
508 2271 600 2334 etiam
618 2275 729 2336 occeio
739 2271 976 2336 Alexandrina
992 2275 1196 2352 caeteraeque
1214 2270 1335 2335 versio-

141 2399 198 2442 nes
214 2398 363 2463 graecae,
390 2378 558 2461 dequibus
576 2377 640 2460 jam
656 2378 710 2461 ss.
727 2381 872 2446 tto-us.
896 2382 999 2441 actum
1015 2379 1092 2457 tuit,
1116 2379 1217 2444 denuo
1246 2401 1332 2444 com-

140 2487 331 2550 mendandae
347 2492 461 2551 essent.

170 2665 195 2730 ¹)
215 2671 412 2729 Explicationia,
431 2685 505 2732 quam
526 2676 648 2720 auctores
668 2671 854 2732 graecththttci
870 2671 1006 2719 sihtottam
1022 2673 1106 2731 quoad
1126 2684 1199 2720 usum
1210 2674 1333 2731 loquendi

211 2767 298 2808 mutuo
319 2764 497 2823 suppeditant,
526 2766 639 2824 exempta
666 2765 799 2810 innumera
820 2765 929 2822 passast
948 2761 1045 2817 afferri,
1073 2764 1197 2820 quaedam
1216 2763 1331 2810 dabimus

213 2850 277 2908 cap.
297 2850 343 2896 iil.
363 2851 440 2900 irae.
459 2853 480 2898 i.
497 2852 529 2900 de
548 2854 613 2900 iocis
632 2853 775 2912 perauctis.

167 2943 193 3010 1)
214 2951 259 2997 Sic
278 2967 302 2999 c.
315 2965 354 3014 p,
375 2953 398 2998 si
418 2945 534 3018 βέβηλος
553 2953 572 2998 Ι.
593 2952 657 3000 ¹i'im.
678 2955 699 3009 t,
719 2955 745 3000 u.
765 2953 843 3000 itehr.
862 2955 925 3014 xit,
947 2957 990 3002 1o.
1009 2967 1056 3014 pro
1075 2955 1182 3002 homine
1198 2955 1330 3019 profano,

213 3042 346 3089 levissimo
375 3043 515 3104 rettpiom'a
541 3045 567 3088 ct
585 3056 729 3090 sacrorum
760 3047 939 3106 contestatura,
971 3046 1015 3094 cosi
1039 3046 1106 3094 achil
1132 3050 1172 3094 eat
1196 3051 1329 3109 sanctum,

211 3131 313 3193 iegitur,
335 3133 380 3180 lii.
399 3134 480 3180 Maec.
501 3135 539 3193 11,
568 3134 608 3180 ih.
630 3133 800 3193 suffragatur,
827 3135 871 3182 uhi
900 3138 988 3183 eodem
1015 3137 1158 3196 significatu
1187 3139 1328 3185 antiochus

210 3227 373 3284 nuncupatur
390 3216 516 3289 βέβηλος.
547 3226 608 3271 item
627 3219 640 3271 ὁ
659 3221 818 3292 προφήτηςὸ
834 3220 975 3293 ἐρχόμενος
987 3221 1025 3282 1ος
1033 3224 1078 3274 τον
1089 3225 1186 3291 κόσμον
1204 3227 1330 3288 deamvi,

214 3313 256 3360 11.
278 3311 360 3376 (cour.
379 3315 440 3360 huc.
462 3315 523 3368 vii.
545 3315 601 3376 19.)
620 3315 753 3371 Messias,
783 3319 811 3361 et
830 3309 963 3380 ἀνάληψις
981 3317 1043 3362 huc.
1064 3317 1115 3373 ix,
1145 3320 1188 3364 51.
1208 3319 1329 3367 cremato

213 3401 315 3450 christi
341 3403 369 3450 isa
397 3406 499 3451 coctam
526 3405 551 3450 io
572 3405 736 3452 Testamenta
764 3405 810 3452 Xit
838 3405 1046 3452 Potriarcharum
1074 3407 1237 3466 (Fabricii
1264 3409 1328 3456 cod.

208 3491 337 3553 Pseudap.
357 3493 385 3540 V.
406 3493 512 3542 ’1.1ο1.
533 3497 553 3541 i.
573 3509 598 3555 p.
620 3496 683 3542 588.
704 3494 780 3560 588.)
800 3498 891 3543 cadem
910 3499 1039 3555 potestate
1057 3498 1172 3545 ueniunt.

264 3583 415 3644 Apoerypha
434 3585 629 3633 edidicistis.
649 3586 827 3633 Fabricius
848 3587 873 3632 in
894 3599 988 3646 operat
1009 3587 1326 3649 codcxi‘scudapigraph.

209 3673 240 3724 1.
259 3678 285 3720 et
303 3675 513 3734 Apocryphorum
531 3675 562 3722 N.
582 3675 611 3722 ’1.
632 3675 721 3722 iiamh.
744 3679 822 3723 1718.
843 3678 905 3737 22..
923 3677 963 3723 cui
981 3677 1078 3723 Btrch
1097 3679 1238 3724 auctarium
1257 3679 1329 3725 addi-

210 3765 247 3811 dit
260 3765 336 3813 1801.
356 3767 444 3826 Nuper
458 3766 555 3825 prodiit
568 3768 663 3814 editior
684 3767 770 3815 codex
787 3769 948 3828 apocryphus
962 3769 992 3815 N.
1004 3769 1034 3814 ’1.
1053 3781 1133 3828 opera
1147 3767 1163 3816 J
1170 3783 1184 3816 o
1193 3783 1238 3816 au.
1256 3769 1328 3817 (tar.

210 3855 314 3902 irrito.
334 3856 405 3915 hipa.
421 3857 499 3904 1882.
520 3856 547 3904 ct
565 3858 718 3918 harburg,
738 3858 882 3905 Bihhothek
901 3859 949 3906 der
968 3861 1240 3906 neuteatamsotlichao
1257 3864 1327 3919 Apu-

208 3947 335 4006 tsryphao.
357 3945 452 4006 stuttg.
473 3949 551 3994 1811).
574 3949 710 3996 caetorum
727 3951 794 3996 inter
812 3951 963 4007 apocrypha
985 3949 1063 3996 1.’1.
1083 3964 1099 3997 a
1120 3950 1329 3998 Protestautthua

209 4039 304 4095 passim
324 4037 401 4085 otiare
418 4043 511 4085 oostn
528 4041 627 4098 scripta
646 4041 879 4088 deuterocauouica
896 4040 1005 4100 reterri,
1024 4045 1113 4086 notum
1132 4045 1182 4088 sat.

264 4127 341 4173 Usum
355 4128 563 4186 Apocryphorum
577 4129 682 4190 juvant:
703 4129 734 4176 G.
754 4131 803 4176 Jo.
822 4131 951 4189 Heuke,
969 4130 1081 4177 Dissert.
1100 4131 1133 4178 da
1144 4143 1192 4178 usu
1206 4130 1327 4178 tihrorum

210 4219 351 4277 apocryph.
373 4219 403 4264 V.
423 4221 452 4268 ’1.
472 4220 498 4265 tn
518 4223 548 4269 N.
572 4221 603 4266 ’1.
631 4223 710 4270 lisiae
733 4223 820 4281 suiuy
850 4223 924 4269 chr.
950 4221 999 4270 uu.
1018 4223 1175 4280 Koiooot,
1197 4216 1329 4269 Observa-

208 4308 295 4356 tiones
313 4310 347 4356 ad
366 4299 446 4357 Ν.”1.
466 4323 497 4356 ox
517 4310 592 4358 tibris
611 4312 764 4371 apocryphis
783 4312 812 4358 V.
827 4314 858 4360 ’1.
877 4313 948 4371 hips.
971 4315 1059 4372 ¹⁷⁹*i
1087 4316 1114 4360 Ρ.
1133 4318 1157 4361 J.
1177 4314 1208 4359 ti.
1228 4313 1329 4360 Beck·

208 4400 305 4458 haus,
326 4401 516 4460 Bemeriruugcu
535 4401 599 4448 ther
617 4403 667 4450 dan
687 4401 821 4448 Gabrauch
841 4405 887 4449 der
906 4405 1043 4462 apocryph.
1064 4404 1165 4450 tincher
1183 4404 1228 4448 das
1248 4403 1278 4448 Α.
1296 4403 1326 4448 Β.

208 4501 256 4536 aur
285 4491 382 4538 hrltut.
416 4492 462 4538 dar
495 4493 770 4542 neumatamoutitchsn
797 4493 957 4540 Schraihart.
993 4495 1092 4540 hortm.
1124 4493 1210 4551 ¹⁸⁰⁸i
1238 4494 1268 4538 ti.
1298 4493 1328 4538 G.

208 4582 237 4627 Α.
258 4583 401 4638 Boeiset,
421 4583 493 4629 Nora
511 4585 592 4630 claris
612 4584 638 4630 io
657 4595 766 4644 graecos
786 4583 943 4642 interpretes
962 4585 990 4630 V.
1002 4585 1031 4632 ’1.
1046 4587 1244 4644 scriptoresque
1261 4593 1332 4643 apo··

209 4672 300 4730 cryph.
320 4673 357 4718 ita
375 4671 512 4728 adornata,
532 4677 560 4720 ut
579 4675 656 4721 etiam
676 4673 762 4720 herici
781 4673 807 4720 tu
827 4676 858 4720 Ν.
875 4673 906 4721 ’1.
927 4675 1009 4722 tihros
1032 4687 1105 4722 usum
1121 4672 1247 4733 praehere
1265 4687 1327 4734 pos·
