3092 5286
258 397 339 474 208

350 577 381 640 5.
405 576 470 660 lpsi
495 582 641 640 auctores
662 574 812 640 librorum
830 575 869 640 N.
887 574 922 638 1⁴¹.
939 574 1049 639 saliem
1065 575 1174 660 primis
1189 573 1337 642 lidelibus
1353 577 1439 641 alium

262 683 377 766 passian
391 683 555 747 doctrinae
570 684 688 746 iontem
704 681 866 769 designant
878 681 921 770 ⁸),
938 687 993 762 aut
1008 683 1048 746 iis
1064 685 1238 748 scribentes
1254 691 1441 770 supponunt,

263 812 354 877 quan
368 812 398 854 s·
415 791 611 875 scripturam
626 785 667 880 ³).

347 902 382 965 6.
407 901 546 981 Denique
562 905 646 966 stare
669 899 823 963 sententia
843 898 952 983 nequit
973 899 1012 963 de
1034 899 1159 985 integro
1181 901 1346 964 doctrinae
1371 922 1440 964 cor-

263 1028 358 1090 pone,
395 1007 478 1091 quod
504 1008 544 1072 Ν.
569 1009 606 1072 li,
634 1009 709 1073 libri
742 1007 1004 1092 complectantur,
1043 1006 1071 1070 si
1102 1009 1141 1071 ad
1171 1010 1337 1094 sequentia
1368 1031 1442 1092 quo·

255 1138 321 1200 que
344 1116 516 1199 respicias:

278 1225 329 1308 a)
354 1224 512 1288 Veritates
540 1225 701 1290 doctrinae
728 1223 916 1288 christianae
944 1224 1085 1288 omuibus
1118 1225 1293 1290 homiuibus
1321 1226 1442 1309 persiae

347 1333 416 1396 siut
445 1329 627 1419 oporiet⁸).
661 1333 729 1396 Jam
745 1337 849 1396 autem
864 1331 965 1414 major
991 1333 1145 1398 homiuum
1168 1335 1291 1398 rudium
1317 1355 1392 1417 pars
1407 1355 1441 1396 ue

351 1441 401 1506 sui
412 1441 535 1524 quidem
551 1441 708 1506 idiomatis
724 1441 843 1525 scripta
852 1442 959 1528 legere
974 1442 1071 1524 novit,
1089 1463 1168 1526 quus
1181 1447 1284 1506 tamen
1293 1443 1441 1506 Dominus

355 1572 476 1632 omnes,
501 1572 562 1614 nou
588 1552 689 1614 minus
717 1571 808 1634 quam
834 1551 979 1614 literatos
1007 1572 1043 1616 ac
1059 1551 1265 1636 philosophos
1287 1553 1329 1614 ad
1358 1573 1440 1616 suam

354 1660 536 1746 religionem
564 1665 596 1724 et
622 1659 753 1722 salutem
779 1659 913 1722 vocavit.

278 1773 323 1856 d)
348 1771 452 1854 lpsum
474 1769 514 1834 N.
543 1769 578 1832 i.
604 1765 783 1832 firmitatem
816 1769 849 1832 iu
882 1765 944 1832 lide
971 1774 1061 1854 urget
1079 1767 1121 1855 ⁸),
1145 1790 1224 1853 quae
1245 1773 1352 1832 tamen
1379 1770 1442 1834 siue

350 1881 412 1946 alio
429 1881 516 1944 fonte
532 1879 666 1944 obtineri
682 1901 743 1942 uon
759 1882 876 1960 potest.
900 1879 1022 1943 Etenim
1034 1880 1085 1943 vel
1100 1879 1274 1942 doctissimi
1289 1899 1316 1942 s.
1335 1879 1442 1961 Scrip-

349 1997 438 2054 turas
453 1990 642 2074 interpretes
657 2009 718 2052 nou
734 1988 825 2050 modo
843 1987 874 2050 in
890 1989 985 2051 rebus
1000 1988 1148 2071 minoris,
1170 1989 1226 2052 sed
1241 1989 1275 2050 iu
1290 1987 1442 2051 doctrinis

350 2119 473 2184 quoque
506 2097 682 2184 gravissimi
713 2097 876 2179 momenti,
912 2097 940 2160 si
968 2097 1066 2162 sclam
1099 2118 1219 2160 sacram
1247 2097 1441 2181 scripturam

351 2207 516 2271 consulunt
523 2255 532 2288 ,
556 2206 641 2270 dubii
662 2209 793 2270 haerent
808 2210 841 2269 ct
855 2203 1062 2290 fluctuantur,
1087 2207 1170 2292 qued
1191 2207 1229 2269 ab
1252 2205 1353 2290 ipsius
1370 2227 1443 2269 con·

351 2315 423 2378 silio
439 2334 570 2398 prorsus
586 2314 718 2378 alienum
734 2319 793 2378 est.

289 2425 328 2509 c)
353 2423 541 2507 Praeprimis
562 2440 638 2488 vero
654 2423 757 2487 unitas
774 2423 935 2488 Ecclesiae
957 2428 989 2488 et
1011 2424 1171 2488 doctrinae
1187 2423 1272 2486 nullo
1288 2444 1351 2486 non
1373 2423 1441 2486 loco

351 2533 527 2596 inculcatur
539 2528 617 2619 ¹⁰),¹
631 2552 709 2615 quae
723 2553 798 2597 vero
821 2536 959 2596 assumto
982 2531 1074 2594 unico
1097 2551 1123 2594 s.
1140 2531 1327 2613 scripturae
1348 2531 1391 2595 N.
1407 2531 1439 2593 ll.

347 2641 435 2706 sonte
452 2642 601 2706 constitui
615 2642 738 2706 minime
753 2645 876 2726 potest,
894 2663 963 2705 cum
979 2641 1170 2724 experientia
1184 2645 1269 2704 teste
1285 2661 1311 2704 s.
1332 2640 1440 2724 Scrip·

347 2755 420 2814 tura
435 2751 540 2836 potius
556 2771 680 2834 pomum
697 2751 739 2816 sit
756 2751 941 2816 discordiae.
966 2751 1070 2830 Quare
1085 2749 1243 2812 latendum
1261 2754 1328 2830 est,
1352 2749 1394 2814 Ν.
1410 2749 1442 2810 ii.

348 2860 447 2924 libros
484 2860 606 2924 minime
633 2881 671 2924 eo
698 2857 760 2926 line
788 2859 948 2924 confectos
976 2876 1062 2941 csse,
1086 2863 1122 2922 ut
1148 2861 1250 2922 totum
1279 2858 1443 2921 doctrinae

351 2970 537 3034 christianae
560 2990 674 3054 corpus
703 2970 966 3054 complectantur,
997 2972 1029 3032 et
1051 2966 1153 3052 quivis
1181 2964 1320 3030 fidelium
1345 2968 1443 3031 omnia

348 3078 510 3166 religionis
522 3080 668 3166 dogmata
683 3084 776 3165 utque
791 3083 958 3164 praecepta
970 3079 1061 3142 unice
1077 3097 1114 3142 ex
1128 3078 1189 3142 hcc
1204 3076 1293 3140 lente
1308 3078 1443 3142 hauriat.

285 3257 309 3326 ¹)
330 3263 403 3311 deni.
432 3262 531 3312 Concil.
559 3263 682 3310 Trideot.
717 3261 790 3309 Sese.
818 3262 858 3310 lv.
884 3263 1022 3309 Decretum
1059 3261 1091 3308 de
1130 3261 1258 3308 canonicis
1288 3259 1442 3322 Scriptus-ia.

331 3355 408 3400 l’iura
425 3355 473 3400 hae
492 3353 524 3400 ds
543 3365 573 3400 rs
591 3353 650 3400 ride
669 3353 738 3400 Sect.
757 3352 788 3398 11.
809 3353 872 3413 cap.
892 3351 923 3400 li.

275 3437 309 3507 '¹)
330 3443 374 3491 Sic
393 3444 551 3503 Matthaeus,
569 3447 598 3491 ut
624 3445 740 3491 reiernnt
770 3445 880 3504 antiqui,
900 3455 957 3492 cuin
976 3448 1051 3492 autea
1068 3443 1232 3504 Evangelium
1252 3445 1279 3491 in
1298 3443 1444 3492 Palaestina

330 3536 521 3596 praedicasset,
548 3536 630 3582 iturus
648 3536 680 3582 ad
697 3535 763 3581 alias
782 3539 873 3595 gentes
899 3535 960 3582 iliud
989 3548 1107 3584 sermone
1126 3536 1239 3583 hebraeo
1256 3537 1443 3594 couscriptum,

331 3625 437 3672 induis
455 3625 590 3672 conversis
604 3626 719 3684 reliquit,
738 3629 767 3672 ut
787 3626 835 3672 hac
857 3624 993 3686 Scriptura
1013 3639 1085 3674 suam
1098 3625 1239 3674 absentiam
1256 3628 1443 3685 compensaret.

332 3713 406 3761 coci.
425 3713 559 3761 iiusebii
580 3715 648 3761 illst.
667 3715 761 3762 eccles.
781 3715 899 3763 biblii.
922 3729 944 3763 c.
966 3718 1010 3764 21.
1040 3716 1228 3775 ilierouyrni
1252 3715 1396 3764 (temnant.
1422 3716 1444 3760 tu
1535 3753 1536 3760 ,

332 3803 421 3850 hlatth.
438 3806 522 3864 praei.
541 3803 597 3850 hita
614 3804 750 3863 Evangelia
767 3804 824 3852 aliis
841 3806 1019 3853 occasionibus
1039 3807 1164 3866 originem
1183 3803 1289 3852 dehent.
1314 3805 1444 3865 Epistulas

331 3896 514 3953 Apostolorum
532 3897 558 3942 iu
585 3895 697 3954 acceptis
715 3896 850 3943 referimus
870 3897 949 3943 seriis
969 3897 1117 3957 indigentiis
1136 3899 1163 3944 et
1181 3896 1250 3942 sciis
1270 3895 1445 3943 Ecclesiarun
1535 3953 1536 3964 γ

331 3986 469 4031 autetiam
488 3985 644 4045 singularum
662 3997 845 4044 personarum,
864 3985 956 4046 quihus
975 3987 1147 4034 satislaciunt.

279 4065 312 4134 ⁴)
332 4073 431 4120 Adsunt
449 4075 695 4122 accommodationes
714 4077 840 4130 morales,
859 4077 1048 4138 paedagogicae
1068 4087 1099 4124 ac
1121 4077 1294 4136 acatholicae,
1314 4080 1346 4124 ut
1371 4088 1445 4124 neanc
1535 4055 1536 4118 i

334 4168 419 4223 negat.
440 4164 480 4224 ss.
503 4167 561 4212 119.
585 4167 644 4212 121.

280 4245 309 4312 ⁴)
328 4254 357 4300 11.
371 4266 395 4313 g.
413 4254 527 4301 doctrina
540 4256 572 4302 de
585 4255 732 4316 quibusdam
746 4255 931 4317 Sacrumeutis,
950 4259 982 4304 de
999 4271 1085 4305 acrum
1102 4260 1243 4314 elementis,
1263 4262 1386 4308 ministro
1400 4264 1446 4308 etc

279 4337 309 4405 ⁵)
329 4345 367 4390 lta
384 4345 516 4392 doctrinae
535 4347 566 4393 de
584 4347 762 4406 Eucharistia,
782 4348 814 4392 de
841 4349 995 4396 remissione
1023 4352 1186 4407 peccatorum
1211 4362 1241 4396 ac
1259 4350 1445 4410 justificatione

332 4435 445 4493 aliaeque
474 4436 579 4492 saepius
606 4435 706 4494 quidem
733 4440 886 4494 recurrunt,
915 4437 964 4483 imo
992 4438 1176 4497 quodammodo
1204 4438 1378 4498 explicantur,
1399 4451 1446 4486 non

330 4527 416 4572 tamen
443 4527 479 4572 its
506 4525 675 4582 deliniuntur,
695 4528 724 4572 ut
742 4527 773 4574 da
792 4539 854 4574 vero
874 4539 963 4575 eorum
983 4541 1061 4576 sensu
1089 4528 1176 4577 litibus
1205 4532 1232 4575 et
1260 4529 1346 4578 dubiis
1375 4531 1445 4577 iocus

331 4629 382 4663 uon
402 4618 448 4664 eit.
477 4617 574 4664 Contra
593 4617 658 4666 lotio
676 4618 772 4678 pedum
791 4617 868 4668 Jcau.
888 4619 959 4678 xiii,
979 4619 1076 4668 it-id.
1104 4621 1140 4666 iia
1161 4619 1335 4678 describitur,
1355 4626 1383 4670 nt
1401 4635 1444 4683 pro
