3118 5282
1238 395 1312 474 idi

136 571 305 638 lomentum
336 574 578 650 convertantur,
614 568 823 646 observandae
846 575 940 654 suat,
964 569 1078 638 addere
1101 570 1202 638 adbuc
1219 573 1321 659 jurat.

137 682 178 748 ut
203 681 327 768 quidem

229 792 259 854 1.
283 787 386 851 nullus
409 805 484 850 sanc
506 785 673 872 theologus
698 785 820 866 existat,
843 786 876 850 in
900 785 989 870 cujus
1012 787 1203 854 bibliotheca
1220 790 1322 856 bonus

136 898 280 984 integrae
298 917 325 960 s.
349 895 533 982 Scripturas
556 895 712 980 interpres
735 894 949 976 desideretur,
978 915 1040 980 quo
1064 898 1144 962 duce
1165 896 1323 988 intelligat

137 1006 230 1071 locos
252 1003 396 1072 difficiles
422 1008 455 1072 et
480 1004 656 1084 obscuros,
696 1024 828 1089 quorum
859 1005 943 1070 baud
965 1006 1056 1088 pauci
1078 1006 1111 1072 in
1133 1005 1271 1073 lectione
1295 1029 1322 1073 s.

137 1114 335 1200 Scripturas,
358 1113 408 1180 uel
431 1112 526 1178 etiam
546 1113 579 1176 in
601 1111 707 1176 citatis
722 1132 850 1197 operum
865 1111 1116 1199 theologicorum
1130 1115 1193 1200 ipsi
1209 1136 1324 1182 occur·

138 1226 222 1302 rent,
247 1227 278 1286 et
301 1222 355 1310 qui
377 1221 510 1306 proinde
532 1220 694 1306 exegetica
716 1220 940 1288 dilucidatione
963 1242 1073 1288 carere
1096 1245 1157 1288 non
1179 1229 1323 1309 possunt.

139 1333 183 1396 st
198 1351 261 1396 non
287 1351 511 1416 quemcunque,
536 1329 638 1415 quiin
652 1351 760 1396 manus
775 1329 934 1410 inciderit,
957 1329 1019 1394 sibi
1042 1333 1246 1415 comparabit,
1270 1334 1326 1398 red

140 1439 294 1525 optimum
317 1440 479 1524 quemdam
494 1438 556 1504 sibi
570 1438 735 1524 provideat
750 1434 791 1518 ¹).
837 1438 1028 1506 Praesertim
1043 1439 1098 1522 qui
1117 1439 1150 1504 in
1170 1441 1329 1527 interpre-

140 1547 263 1614 tatione
278 1546 393 1612 biblica
408 1547 574 1635 aliquando
589 1546 661 1632 plus
674 1546 771 1614 solito
786 1545 943 1632 prolicere
957 1547 1044 1627 velit,
1062 1547 1095 1614 iu
1109 1547 1167 1614 ille
1183 1549 1328 1635 eligendo

142 1677 182 1721 eo
199 1655 323 1720 cautior
346 1675 416 1722 csse
439 1655 542 1736 debet,
566 1676 628 1740 quo
644 1654 780 1736 facilius,
804 1655 894 1720 ducis
915 1654 1070 1739 principie
1091 1675 1129 1722 ae
1149 1659 1329 1723 methodum

142 1765 302 1850 frequenti
315 1764 453 1830 lectione
469 1783 506 1828 ac
522 1763 668 1830 diuturno
681 1764 787 1830 studio
799 1764 832 1830 in
844 1784 933 1830 suum
944 1763 1045 1848 ipsius
1056 1785 1147 1832 usum
1157 1773 1331 1834 convertet.

231 1877 264 1938 2.
288 1872 375 1938 Duce
398 1873 517 1938 selecto
540 1871 604 1938 tire
620 1872 665 1938 ita
680 1876 797 1952 utatur,
820 1877 857 1940 ut
872 1893 941 1938 eum
956 1894 1019 1940 non
1033 1873 1219 1957 simpliciter
1233 1877 1331 1962 leget,

144 1983 202 2046 sed
225 1980 376 2068 singulari
393 1979 496 2044 studio
513 1979 675 2063 examinet,
698 2001 760 2064 quo
776 1979 921 2044 nimirum
936 1981 1030 2046 modo
1044 2001 1170 2049 sensum
1185 1982 1334 2048 biblicum
1429 2023 1435 2032 ·

144 2091 294 2176 inquirat,
318 2087 492 2174 quaesitum
507 2093 674 2174 proponat,
697 2088 847 2166 illustret,
870 2087 995 2174 p'robet,
1019 2095 1052 2156 et
1075 2097 1186 2156 contra
1200 2092 1333 2158 aliorum

146 2198 360 2284 expositiones
388 2198 489 2262 miuus
517 2197 667 2284 probatas
701 2196 848 2262 uindicet.
892 2197 962 2262 lloc
995 2198 1133 2266 examine
1166 2201 1335 2286 diligenter

15 2299 17 2400 ἶ
144 2309 293 2378 instituto
308 2329 370 2374 non
385 2310 505 2372 tanturn
522 2306 652 2392 eopiosa
666 2307 851 2372 imitationis
865 2306 997 2373 materia
1013 2309 1254 2394 comparabitur,
1278 2314 1335 2379 scd

148 2417 263 2499 etiam,
287 2417 343 2505 qui
369 2415 492 2480 auctori
515 2415 637 2480 selecto
671 2415 734 2500 ipsi
767 2416 840 2482 binc
874 2415 946 2482 iude
979 2417 1165 2500 irrepserint
1199 2441 1336 2504 errores,

148 2528 347 2614 detegentur,
370 2545 389 2590 a
412 2525 524 2608 quibus
552 2525 774 2609 indisciplina
799 2527 878 2592 adeo
906 2521 1028 2593 difficili
1053 2548 1144 2592 nemo
1171 2530 1249 2594 satis
1276 2530 1337 2595 sibi

147 2637 269 2704 cauisse
284 2635 442 2719 reperitur
456 2627 500 2720 ¹),
523 2655 664 2718 quosque
680 2635 762 2700 sicut
779 2654 900 2714 causac
916 2635 1027 2718 quibus
1043 2637 1195 2722 originem
1212 2640 1337 2718 debent,

143 2767 252 2828 nosse,
269 2745 405 2811 utilitate
416 2744 540 2808 minime
553 2743 684 2808 carebit.
700 2745 769 2822 Quo
780 2743 879 2830 magis
891 2743 972 2808 enim
985 2745 1184 2830 cognoveris,
1197 2746 1334 2829 optimos
1466 2803 1468 2809 ,

149 2874 275 2940 quoquc
290 2853 363 2919 binc
378 2853 451 2918 iude
466 2852 657 2933 interpretes
672 2871 709 2916 ex
731 2850 942 2917 subsidiorum
957 2849 1024 2919 sira
1040 2851 1166 2918 delectu
1181 2854 1247 2918 sive
1263 2874 1337 2938 pcr-

149 2983 243 3030 uersa
265 2961 475 3048 applicatione
501 2959 690 3026 allucinatos
716 2979 799 3043 esee,
823 2981 861 3026 eo
888 2958 1037 3043 majorem
1061 2961 1254 3048 diligentiam
1281 2965 1341 3030 tibi

150 3071 355 3138 adhibendam
385 3089 456 3136 esse
487 3068 687 3149 existimabis,
711 3073 747 3133 ut
769 3069 948 3136 necessaria
970 3069 1240 3153 interpretationis
1261 3073 1340 3135 sub-

150 3181 231 3244 sidia
251 3179 311 3245 tibi
334 3176 674 3263 acquiras,'principiis
696 3180 785 3242 recte
807 3176 919 3260 utaris,
943 3181 976 3242 et
998 3177 1165 3263 scopulos,
1188 3181 1243 3262 qui
1265 3181 1336 3246 aliis

151 3289 277 3356 occmio
293 3287 448 3374 naufragii
469 3288 605 3366 fuerunt,
629 3286 748 3351 enitare
771 3285 886 3351 ffiscas.

241 3399 273 3464 3.
298 3396 372 3462 Sive
392 3399 496 3461 autem
518 3395 688 3460 dictionum
712 3413 858 3476 sensum,
881 3395 948 3460 sive
970 3415 1075 3462 rerum
1100 3395 1337 3482 explicationem

151 3505 355 3593 spectaverit,
378 3505 431 3570 uui
454 3488 584 3572 alterive
607 3503 678 3582 soli,
702 3501 919 3588 licetoptirno
948 3503 1170 3570 inhaerendum
1192 3525 1255 3571 non
1278 3510 1338 3587 ast,

15 3661 16 3688 ;
151 3615 208 3682 sed
234 3613 289 3682 alii
311 3633 447 3698 quoque,
470 3613 577 3695 utique
599 3611 858 3697 praestantiores,
886 3611 1069 3676 conterendi
1091 3616 1175 3677 sunt.
1213 3613 1337 3678 Etenim

15 3757 18 3788 ι
150 3727 380 3808 praeterquam,
404 3722 488 3807 quod
510 3722 572 3786 boc
595 3721 732 3785 examine
754 3721 787 3784 in
809 3719 951 3802 quolibet
973 3721 1124 3804 quaedam
1153 3722 1243 3808 bene,
1272 3724 1336 3788 imo

15 3851 17 3878 t
153 3833 271 3917 optime
292 3834 429 3896 tractata
450 3828 680 3909 invenientur,
699 3828 792 3892 etiam
822 3828 980 3914 ingenium
1007 3833 1161 3912 acuetur,
1195 3851 1266 3896 cum
1297 3834 1337 3897 de

15 3941 18 3972 ³
153 3944 327 4022 auctorum,
351 3938 405 4024 qui
420 3941 649 4022 comparantur,
664 3936 970 4024 pretiosententiam
985 3935 1070 4004 ferre
1086 3944 1244 4025 oporteat,
1257 3958 1338 4022 quae

152 4056 188 4118 ut
205 4051 295 4138 justa
317 4050 370 4132 sit,
393 4049 552 4138 rationes,
568 4049 681 4136 quibus
697 4050 800 4134 aliqua
815 4048 1036 4134 interpretatio
1054 4049 1196 4128 debetur,
1219 4049 1336 4114 exami-

154 4162 274 4228 nandas
287 4163 362 4226 suat
377 4163 410 4226 et
424 4160 650 4244 expendendae.
673 4162 743 4240 Qua
765 4157 896 4222 solertia
911 4156 1004 4228 simul
1026 4154 1258 4236 observabitur,
1282 4159 1339 4242 qui

153 4267 346 4351 interpretes
362 4267 441 4332 alios
458 4266 692 4350 exscripserint,
716 4285 869 4350 quamque
884 4285 993 4349 parum
1009 4263 1081 4327 novi
1096 4263 1162 4328 sive
1177 4262 1210 4326 in
1225 4265 1338 4329 bonam

15 4371 17 4406 ³
155 4379 223 4443 sire
237 4376 392 4440 inmalam
406 4380 528 4462 partem
543 4375 665 4440 ratione
690 4374 784 4460 hujus
807 4396 931 4460 quoquc
959 4371 1055 4439 studii
1075 4372 1108 4436 in
1135 4374 1269 4439 medium
1295 4378 1340 4442 sit

146 4485 324 4572 prolatum.
347 4483 499 4568 Reliquos
516 4481 600 4568 quod
615 4482 739 4564 attinet,
762 4483 817 4568 qui
839 4483 973 4568 alicujus
989 4482 1137 4548 momenti
1152 4487 1225 4548 sunt
1240 4484 1340 4550 inter·

15 4591 16 4628 l
155 4600 275 4680 preter,
289 4590 366 4654 licet
381 4591 470 4673 plane
486 4590 663 4680 negligendi
675 4612 735 4655 non
748 4591 821 4672 sint,
837 4593 910 4675 quia
925 4589 1018 4658 etiam
1033 4591 1208 4656 mediocres
1224 4593 1339 4676 passim

194 4727 275 4770 fleres.
293 4718 392 4766 biblica.
410 4721 439 4766 ll.
1089 4716 1126 4772 26
