3112 5284
245 431 321 505 292

269 605 296 674 ³)
315 612 395 673 liujus
422 611 525 672 penaria
553 613 613 668 eat,
643 611 711 670 quod
739 611 859 658 narratur
885 611 903 654 t.
932 607 994 666 iter.
1016 603 1099 668 ull,
1123 610 1163 654 tt.
1204 605 1297 668 „Ferit
1324 613 1423 669 paseat

316 701 451 764 Sedeeiaa,
471 700 543 764 filias
559 699 703 750 01111111
721 697 973 762 (pseudopropheta)
995 711 1100 746 eornaa
1117 697 1226 760 serres,
1255 701 1282 746 et
1298 699 1338 747 ait
1357 694 1422 760 (regi

313 792 444 852 Aebabo):
473 792 518 840 llis
537 791 675 840 ventilabis
697 789 820 852 Syrium,
842 791 927 838 donee
945 791 1035 838 deleat
1050 789 1134 838 eam.”

266 877 292 944 ι)
310 883 432 944 lixempla
460 883 602 943 hujusmodi
627 883 809 929 declarationis
832 881 897 928 baec
925 885 1016 926 suntor
1047 882 1109 926 1111.
1128 882 1157 940 l,
1187 881 1266 927 2-9.
1294 880 1422 940 Propheta

313 975 389 1034 jussu
404 973 450 1020 Del
468 974 708 1034 semitonorum,
729 984 793 1031 quae
813 970 946 1016 laborabat
968 973 1032 1017 mata
1049 971 1116 1017 lama
1128 971 1249 1018 laseirlae
1267 975 1294 1018 et
1313 971 1346 1017 ab
1365 973 1420 1028 ipsu

314 1063 369 1112 Iteo
398 1073 463 1111 auor
481 1063 626 1126 Prophetae
648 1065 730 1123 imago
755 1063 828 1121 regni
855 1061 951 1122 lsrael,
978 1060 1046 1108 titius
1072 1061 1168 1109 ttareel
1183 1074 1263 1120 vero,
1296 1059 1350 1107 1111
1374 1062 1422 1106 bo·

314 1155 433 1202 1111111
453 1157 480 1202 et
500 1153 566 1202 11111
584 1154 710 1201 lto-ammi
731 1165 763 1199 ea
778 1151 825 1200 bae
844 1152 1024 1212 ooannetiene
1040 1151 1178 1209 aymbetiea
1196 1151 1248 1198 uati
1263 1151 1341 1210 signa
1360 1163 1422 1210 poe-

311 1256 416 1300 narum,
443 1256 524 1305 regne
551 1243 635 1292 lsrael
661 1243 841 1290 imminentium
863 1243 1034 1290 declarantur.
1071 1241 1153 1290 Simili
1180 1243 1253 1288 mode
1281 1242 1422 1300 baptismus

309 1347 390 1382 norae
409 1335 476 1394 tegla
494 1346 510 1380 a
528 1334 628 1382 christe
652 1333 784 1380 institutus
804 1345 819 1378 a
843 1332 923 1378 Paulo
950 1331 1132 1392 significativus
1159 1329 1339 1387 monstratur,
1366 1333 1421 1377 dum

313 1425 385 1471 Rem.
406 1425 451 1479 Vl,
472 1425 498 1470 t.
519 1425 625 1472 scribit:
658 1423 810 1486 Consepulti
835 1436 925 1470 samua
955 1437 1014 1470 oum
1032 1423 1080 1470 illo
1102 1423 1232 1484 (cbristo)
1250 1437 1302 1485 per
1321 1423 1422 1485 baptis·

310 1529 380 1562 mam
400 1512 461 1578 (per
480 1515 685 1573 immersionem,
714 1527 763 1574 qua
781 1515 842 1560 tune
861 1513 1056 1575 conterebatur)
1081 1514 1109 1561 ia
1128 1515 1257 1574 mortem,
1287 1515 1319 1561 at
1337 1538 1373 1548 -
1391 1533 1424 1548 -

309 1605 338 1652 ia
356 1605 472 1654 11111111
493 1605 566 1652 ritae
584 1605 756 1654 ambulasses.

265 1690 292 1759 ⁵)
311 1696 441 1758 Eiusmodi
458 1697 525 1744 aetla
544 1699 602 1752 eat,
627 1709 676 1756 qua
694 1708 805 1743 summus
826 1694 956 1744 81111111
975 1695 1017 1742 dle
1035 1695 1228 1756 propitiationis
1248 1705 1376 1754 egressus
1398 1694 1421 1740 ln

310 1787 404 1834 atrium
430 1789 492 1834 ante
515 1786 598 1832 altare
623 1785 710 1832 ambas
732 1797 822 1833 manns
849 1787 928 1846 eapitl
952 1785 1017 1832 blrel
1043 1787 1157 1846 graviter
1183 1784 1347 1844 imponebat,
1374 1796 1424 1844 qua

309 1876 499 1934 symbolorum
518 1875 636 1922 omnibus
655 1878 784 1935 pereatis,
816 1875 921 1922 delietla
947 1879 973 1922 et
1000 1874 1262 1936 praevaricationibus
1287 1875 1420 1921 israelita·

307 1979 362 2013 rum
384 1965 513 2020 oneravit,
533 1969 560 2011 et
577 1965 675 2012 demum
695 1965 749 2010 viro
768 1965 888 2024 tradidit,
908 1965 952 2024 qui
971 1977 1026 2010 eum
1045 1965 1071 2010 lu
1090 1963 1147 2010 loea
1165 1965 1269 2011 deserta
1288 1964 1424 2010 deductum

310 2055 422 2102 liberum
442 2055 596 2113 dimitteret,
617 2067 666 2114 quo
685 2053 896 2114 significabatur,
921 2055 1050 2102 israelitas
1069 2067 1153 2114 poena
1171 2057 1336 2114 peeeaterum
1355 2053 1422 2101 libe·

309 2148 381 2192 ratos
400 2156 471 2192 asae.
500 2145 581 2192 berit.
600 2145 672 2205 xvi,
693 2145 810 2192 21-22.

263 2229 289 2295 ο)
310 2237 366 2284 ilua
384 2237 537 2284 talerandus
562 2239 604 2284 eat
622 2237 694 2284 leena
720 2235 810 2282 biattb.
830 2233 898 2291 nl,
929 2238 972 2284 le.
991 2249 1046 2296 sqq.
1065 2236 1146 2284 itaer.
1168 2236 1217 2295 xl,
1240 2236 1284 2282 1³.
1307 2235 1361 2295 11.,
1380 2234 1424 2282 ubl

310 2326 429 2374 cbristus
449 2324 523 2372 tieum
542 2326 684 2385 quamdam,
705 2337 779 2386 quam
793 2324 866 2385 Juxta
885 2327 950 2372 vlam
969 2327 1086 2382 viderat,
1104 2330 1130 2374 et
1149 2328 1174 2372 tn
1194 2339 1243 2386 qua
1261 2326 1326 2372 nibil
1345 2337 1424 2384 repe·

311 2419 383 2463 rarat
399 2419 503 2474 praeter
521 2414 593 2474 tolla,
613 2419 757 2471 execratur,
777 2416 814 2462 lta
832 2420 861 2463 ut
879 2417 1013 2464 eoelestlm
1032 2418 1205 2464 exueseeret.

258 2497 283 2570 ⁷)
303 2507 340 2552 lix
363 2505 412 2552 boe
437 2505 533 2563 eapite,
561 2507 628 2565 quod
655 2507 728 2553 Num.
756 2505 841 2564 ¹¹11,
868 2507 912 2552 2⁰.
934 2521 989 2568 sqq.
1010 2507 1041 2554 de
1060 2506 1135 2553 asina
1159 2505 1270 2552 balaami
1298 2505 1422 2564 loquente

305 2598 434 2656 narratur,
454 2595 575 2655 quiores
594 2598 670 2655 plane
689 2595 888 2643 extraordinaria
913 2598 984 2656 leges
1008 2599 1114 2644 naturae
1132 2608 1257 2656 superaus
1278 2602 1341 2657 est,
1370 2610 1421 2643 non

305 2688 366 2733 lieet
384 2685 420 2733 lta
446 2686 582 2746 accipere,
610 2699 639 2732 ae
659 2688 682 2733 si
706 2691 775 2734 esset
794 2687 862 2732 aetio
888 2687 1045 2745 symbolIea,
1074 2700 1138 2746 quae
1162 2687 1273 2734 veritate
1298 2687 1425 2734 historie·

306 2788 398 2825 oarena
419 2779 541 2834 surrepta
561 2779 691 2836 narratur,
711 2779 771 2836 quin
790 2789 884 2836 reapse
903 2777 984 2823 loeum
1003 2777 1130 2825 babuerit.

256 2855 282 2926 8)
302 2866 444 2926 nxpiteatio
460 2865 568 2913 aetionis
588 2867 740 2925 symbolicae
760 2871 827 2913 extat
846 2867 902 2914 Aet.
922 2867 994 2928 xxi,
1017 2869 1059 2914 te.
1080 2881 1155 2928 sqq„
1174 2867 1218 2915 ubi
1237 2867 1362 2928 Agabus,
1381 2868 1424 2927 qul

308 2961 390 3004 sumta
407 2957 480 3003 Pauli
501 2971 567 3003 zona
585 2970 647 3004 suos
666 2957 746 3015 pedes
766 2961 792 3003 et
812 2970 900 3004 manus
919 2959 1059 3018 ligaverat,
1079 2957 1217 3005 confestim
1235 2959 1302 3004 bane
1320 2971 1378 3005 rem
1391 2959 1423 3005 de

304 3047 391 3095 lutura
410 3050 527 3106 Apostoll
546 3049 695 3106 captivitate
715 3049 842 3107 exposuit.
873 3048 956 3094 Porro
977 3047 1071 3094 Erech.
1090 3048 1124 3103 V,
1151 3047 1193 3105 5.,
1220 3045 1264 3094 ubl
1290 3048 1425 3108 Propheta

303 3139 408 3185 disertis
428 3137 513 3186 verbis
533 3139 650 3194 indicat,
676 3137 743 3198 quod
765 3137 887 3196 symbolis
912 3137 1127 3197 praecedentibus
1147 3137 1197 3194 lll,
1218 3137 1263 3184 22.
1287 3163 1318 3174 -
1342 3137 1377 3197 V,
1399 3138 1424 3183 1.

303 3229 508 3276 adumbraverat.
528 3229 600 3276 Aetio
622 3240 684 3275 vero
699 3229 794 3275 Jerem.
814 3229 917 3284 XXVH,
937 3227 1057 3287 xxviii,
1077 3241 1127 3288 qua
1146 3239 1221 3275 saeer
1239 3231 1313 3275 rates
1330 3229 1422 3288 J'ugum

304 3317 416 3378 ligneum
435 3321 521 3379 gestat
539 3319 615 3376 eollo,
635 3319 799 3378 quodetiam
818 3318 851 3365 ad
869 3318 986 3365 civitates
1009 3321 1036 3365 et
1048 3330 1125 3377 reges
1147 3319 1240 3375 mittit,
1260 3321 1288 3364 et
1307 3319 1423 3378 pseude-

304 3409 432 3468 propbeta
457 3408 482 3455 11
506 3409 575 3454 11111
595 3407 677 3468 ipsius
697 3409 810 3468 trangit,
840 3407 967 3455 ieremias
993 3410 1078 3454 autem
1106 3419 1121 3453 a
1148 3406 1204 3454 Deo
1221 3407 1314 3467 jussus
1333 3407 1424 3468 jugum

304 3499 415 3549 terreum
434 3499 483 3545 sibi
502 3499 644 3546 laetandum
665 3503 751 3554 aurat,
776 3501 829 3544 tum
861 3511 891 3545 ex
911 3497 997 3545 indole
1016 3509 1063 3544 aua
1081 3500 1135 3542 tum
1154 3510 1185 3544 ex
1204 3493 1331 3544 contextu
1350 3497 1423 3544 aliis-

304 3603 352 3648 que
365 3583 525 3636 adminiculis
537 3589 732 3636 hermeneutlels
750 3601 855 3636 sensum
869 3587 937 3634 buno
955 3588 1052 3636 habere
1070 3587 1145 3634 laeile
1163 3587 1333 3646 intelligitur:
1353 3589 1424 3634 iutu-

303 3692 356 3726 ram
377 3681 463 3739 populi
480 3682 653 3740 captivitatem
673 3681 779 3738 prlmum
798 3679 925 3726 mitiorem
943 3677 1036 3726 deinde
1055 3679 1185 3725 duriorem
1204 3691 1275 3725 esse.

258 3760 284 3832 ⁹)
304 3770 343 3815 lta
361 3769 423 3817 1111.
445 3769 487 3815 111.
507 3781 558 3816 non
578 3775 652 3816 eerto
672 3771 768 3829 liquet,
789 3781 847 3815 num
867 3769 966 3816 aetione
985 3768 1127 3826 symbolica
1144 3767 1246 3814 exilium
1264 3769 1356 3814 desem
1373 3770 1424 3814 tri·

304 3859 378 3906 buum
397 3860 472 3918 longe
500 3863 617 3920 tempero
645 3859 794 3906 duraturum
819 3863 879 3906 ante
906 3859 1042 3905 adventum
1073 3859 1204 3916 11111111)
1231 3871 1263 3904 11
1292 3861 1425 3906 recentior

304 3951 392 4009 populi
411 3949 551 3997 lsraelltiol
571 3951 698 4010 dispersio
723 3955 750 3998 et
776 3949 913 3997 eonverslo
941 3949 1114 3997 Israelitarnm
1142 3947 1237 3996 ultimis
1262 3949 1423 4008 temporibus

303 4045 424 4088 secutura
443 4039 600 4100 designetur.

345 4235 372 4302 s.
390 4232 444 4292 lit.
462 4232 600 4306 opiniones
615 4233 648 4292 de
665 4229 766 4306 dupltd
783 4243 805 4289 1.
822 4228 978 4304 teripturae
996 4242 1077 4289 sensu
1093 4231 1182 4288 minus
1197 4229 1300 4288 restae.

320 4403 452 4469 Limites
475 4423 566 4483 vero,
590 4402 674 4466 intra
696 4423 777 4486 quos
796 4401 916 4486 justam
941 4421 1049 4464 sensus
1065 4399 1190 4483 mystici
1206 4405 1238 4462 et
1253 4396 1421 4482 symboliei

164 4515 167 4519 ’
230 4513 411 4595 explorandi
445 4513 599 4576 rationem
634 4511 948 4574 circumscribendum
985 4527 1055 4572 esse
1086 4506 1263 4590 praeceptis
1287 4525 1420 4588 praece·

230 4622 374 4686 dentibus
398 4624 588 4700 monuimus,
614 4621 699 4686 serio
725 4621 816 4683 medo
842 4619 1031 4700 interpretes
1048 4615 1241 4700 transgressi
1264 4618 1349 4678 sunt.
