3112 5284
289 383 368 458 Μ

358 567 386 610 et
405 576 471 624 quae
499 566 559 610 sunt
581 563 634 610 alls
651 563 727 624 tulus
749 560 872 622 merla,
901 572 959 608 cun
978 559 1104 622 Apostclo
1128 559 1262 610 dicrum
1283 564 1342 610 ectr
1362 559 1442 611 dart.

359 655 431 704 sm
445 653 508 702 soit.

312 747 341 806 ³)
362 747 434 794 Unde
456 746 598 794 &lantani
618 746 716 792 realem
739 743 839 792 llhrlstl
858 741 1032 801 praesentiam
1055 741 1081 788 ln
1098 741 1261 788 hucheristls
1286 740 1444 802 negentee‚ln

356 837 561 896 interpretandis
585 835 674 882 verbis
694 834 883 882 lnstltuttcnlsz
912 831 987 892 „lloc
1012 835 1054 880 eet
1074 845 1174 895 corpur
1201 831 1307 879 carew
1332 843 1444 892 perpcran

355 927 388 973 cd
402 923 498 984 figures
517 925 669 985 remugiunt
692 929 719 972 et
738 935 831 972 semus
847 923 1056 983 metaphoricos,
1074 923 1135 982 qula
1158 922 1225 982 lpsle
1247 921 1391 975 chandre,
1406 921 1444 968 lna

355 1015 514 1074 Impossibile
539 1016 658 1072 ridetur,
685 1015 754 1062 iden
772 1025 869 1072 comus
895 1015 987 1064 ecura
1007 1016 1127 1073 tempore
1145 1013 1173 1058 ln
1190 1011 1308 1072 plnrlhnc
1324 1011 1384 1060 locis
1392 1023 1444 1058 erre

354 1105 455 1154 Etcum
474 1107 507 1154 ed
523 1105 650 1164 Jndlelnnr
674 1105 784 1154 rationis
803 1105 927 1152 humanae
945 1115 1072 1152 revocare
1090 1103 1235 1159 nonlicet,
1256 1115 1320 1162 quse
1337 1103 1367 1148 ad
1381 1103 1445 1148 toran

354 1197 490 1244 humanum
511 1209 543 1244 ex
570 1200 662 1244 nature
680 1207 728 1242 sua
752 1208 802 1242 non
821 1197 960 1258 pertinent.
997 1194 1061 1244 cuna
1080 1195 1183 1242 divinae
1205 1193 1369 1240 institutionis
1383 1191 1444 1239 verbe

354 1287 451 1333 realem
479 1285 577 1333 Christi
601 1287 773 1346 praesentim
792 1285 820 1332 tn
846 1285 1008 1335 socraten·
1028 1284 1169 1344 perspicue
1194 1283 1345 1340 enuntient,
1369 1293 1444 1341 corpus

354 1375 456 1423 Domini
479 1376 597 1424 naturale
615 1378 641 1423 et
663 1377 798 1435 proprium
816 1375 911 1424 adesse
933 1375 960 1422 tn
988 1375 1105 1422 ornnlhus
1130 1375 1214 1432 locis,
1242 1373 1288 1422 uhi
1306 1371 1445 1422 huchsrlsth

354 1465 518 1522 celebretur,
536 1467 760 1525 saturarentur,
780 1465 937 1516 credendam
952 1467 1008 1523 est,
1027 1477 1192 1526 masuam,
1212 1477 1263 1525 qno
1276 1466 1305 1512 ld
1321 1464 1390 1512 nodo
1405 1460 1445 1522 lat

354 1555 457 1604 rnlntrne
475 1555 641 1615 intelllgetur.

303 1643 333 1710 t)
352 1647 391 1696 lta
407 1647 441 1694 de
454 1645 559 1694 christo
575 1647 601 1692 ln
620 1659 644 1694 s.
657 1643 795 1708 Scriptura
810 1646 943 1696 contraria
958 1646 1096 1708 leguntur,
1116 1657 1224 1706 nemper
1251 1657 1311 1694 eunn
1331 1645 1362 1694 de
1378 1642 1444 1697 coelo,

349 1750 382 1785 ex
399 1737 473 1785 coelo
494 1736 680 1796 dercendlese,
699 1737 726 1783 ln
743 1737 872 1796 principio
885 1737 955 1796 apud
970 1738 1051 1784 Deum
1068 1736 1160 1797 luisse,
1179 1735 1292 1796 gloriam
1307 1734 1371 1796 apud
1385 1733 1447 1781 heun

350 1827 485 1885 habuisse,
505 1831 642 1888 antequem
654 1827 766 1876 mundus
782 1827 866 1876 tactus
878 1826 982 1880 rescat,
1002 1829 1030 1874 et
1042 1830 1149 1876 contru
1167 1839 1225 1874 enm
1239 1839 1255 1872 e
1267 1825 1366 1886 rlrglne
1376 1827 1445 1872 neten

346 1931 421 1972 esre,
440 1919 585 1978 proterrere
603 1917 689 1978 gratla
708 1929 795 1964 corana
808 1917 864 1965 Deo
882 1920 910 1964 et
927 1917 1088 1974 hominihus,
1109 1917 1255 1972 erudisse,
1274 1916 1445 1968 contristatum,

348 2009 398 2054 imo
418 2011 445 2055 et
464 2014 592 2056 monnnrn
611 2009 694 2056 luisse
714 2011 765 2057 ete.

606 2197 642 2254 11.
669 2199 837 2256 sasione
856 2197 1140 2258 lNSPlBA'l'lONlS.

334 2383 361 2448 s.
377 2378 431 2440 itt.
447 2379 519 2440 tuae
534 2379 657 2440 raernu
670 2381 862 2456 mananti,
876 2383 920 2442 lta
934 2383 1140 2456 hunretnda
1156 2383 1233 2454 snut,
1249 2384 1284 2442 ut
1298 2384 1398 2443 rerltae

732 2477 864 2538 Menneu
878 2480 1013 2539 unctu.

368 2618 460 2683 Siout
475 2617 642 2700 revelatio,
673 2621 719 2686 ita
734 2623 828 2686 etiarn
842 2622 1022 2706 inspiratio,
1043 2643 1105 2708 qua
1119 2621 1331 2708 hagiographi
1346 2619 1445 2708 gaude

276 2727 371 2804 haut,
410 2726 577 2811 interpreti
602 2728 719 2794 biblico
747 2731 924 2815 peculiares
940 2731 1112 2798 ¹cautiones
1138 2731 1351 2816 praescrihit,
1385 2745 1446 2814 qnae

277 2835 520 2900 llermeneutica
535 2836 721 2904 universalis
736 2839 875 2925 ignorat.

367 2944 519 3027 liquidem
536 2944 601 3028 jam
617 2946 775 3030 interpres
789 2948 914 3036 legibus
941 2948 1042 3014 solum
1065 2949 1327 3014 Hcrmenenticae
1342 2947 1447 3012 nurer-

276 3051 353 3116 selis
367 3053 533 3135 insistens,
557 3055 589 3118 in
604 3055 782 3136 historicis,
806 3057 846 3122 de
867 3077 1000 3138 querum
1023 3055 1210 3121 dexteritate
1235 3061 1270 3119 et
1285 3055 1446 3122 sinceritate

275 3165 416 3241 constat,
445 3166 478 3225 et
501 3163 594 3244 proin
614 3163 783 3249 praecipue
802 3165 835 3228 in
855 3165 1018 3230 historicis
1042 3163 1183 3244 bibliois,
1208 3165 1264 3250 qni
1284 3165 1345 3228 hac
1370 3165 1398 3228 in
1420 3181 1446 3224 ra

275 3271 359 3334 omni
375 3270 556 3352 exceptione
572 3271 708 3355 majores
724 3278 812 3352 sunt,
842 3274 1032 3356 exponendis
1048 3293 1170 3338 omnem
1185 3274 1312 3338 navabit
1328 3290 1446 3358 operam,
1521 3335 1522 3362 ἒ

275 3383 311 3440 ut
334 3399 353 3442 a
368 3379 476 3461 quavis
491 3379 753 3462 interpretatione
768 3379 935 3462 abstineat,
959 3401 1021 3467 qna
1035 3380 1115 3448 lidae
1130 3383 1324 3448 narrationis
1340 3398 1445 3466 qnoque
1521 3363 1522 3410 ³

275 3488 367 3550 modo
395 3487 554 3568 laedatur,
590 3494 644 3553 aut
666 3489 759 3574 plane
786 3490 926 3574 scriptur
950 3489 1011 3556 sibi
1030 3491 1094 3574 ipsi
1112 3492 1163 3556 vel
1186 3491 1258 3556 eliis
1282 3489 1446 3556 auctoribus

274 3595 416 3675 probatis
439 3597 655 3661 contradicere
676 3603 814 3680 ponatur
835 3595 907 3686 (ss.
925 3598 1134 3688 tal-153).
1164 3599 1287 3679 Quodsi
1312 3621 1383 3664 reru
1401 3594 1446 3660 ali·
1521 3607 1522 3624 ³

276 3702 349 3764 cubi
376 3705 475 3785 omni,
500 3725 561 3790 qua
586 3703 657 3769 lieri
681 3711 805 3790 potest,
839 3707 1002 3793 diligentia
1024 3713 1055 3772 ot
1084 3709 1238 3788 cantione,
1262 3709 1339 3792 quin
1365 3702 1446 3772 textui
1521 3729 1522 3734 ¹

274 3809 336 3872 vim
350 3811 482 3892 inferat,
508 3833 545 3877 eo
561 3813 726 3898 pervenire
746 3837 807 3879 non
828 3815 948 3896 valeat,
972 3821 1007 3880 ut
1022 3817 1140 3882 veritas
1164 3817 1321 3883 historica
1342 3818 1373 3880 in
1390 3817 1444 3878 tuto

273 3923 426 4001 ponatur,
451 3918 557 3986 officio
585 3921 843 3990 Hermenenticae
864 3925 1050 3996 universalis
1074 3947 1109 3990 ee
1134 3926 1331 3991 satisfecisse
1356 3920 1445 3990 existi·
1521 3911 1522 3938 ¹

276 4027 373 4094 mena
403 4026 452 4115 (s.
470 4027 521 4114 a),
545 4031 809 4114 interpretationi,
833 4054 924 4118 quam
942 4034 1240 4102 antunnacum
1257 4037 1445 4118 aureaeque
1521 4023 1522 4104 l

274 4135 428 4199 ffiscuseie
444 4137 602 4202 fundatam
622 4141 752 4221 viderit,
783 4143 1005 4226 acquiescens,
1029 4144 1175 4209 ulteriori
1195 4145 1341 4210 veritatis
1362 4143 1445 4207 lieto-

274 4245 360 4308 ricae
378 4267 454 4310 cura
478 4247 590 4311 critico
608 4249 760 4314 historico
777 4251 899 4315 relicta.

365 4357 407 4419 nt
434 4377 544 4420 munus
571 4357 755 4442 interpretis
782 4361 934 4425 historiae
958 4359 1110 4441 biblicae,
1135 4359 1188 4444 qui
1204 4360 1271 4444 ejus
1287 4362 1444 4444 scriptores

271 4463 493 4549 praerogativa
508 4463 723 4554 inspirationis
738 4469 878 4554 gaudere
902 4469 1020 4554 credit,
1043 4469 1094 4534 his
1117 4470 1253 4534 nondum
1275 4467 1443 4534 absolvite·

274 4570 335 4648 Qui
363 4572 443 4641 caira
462 4572 567 4655 justae
590 4575 804 4660 inspirationis
831 4577 953 4644 notioni
976 4577 1098 4646 innixus
1120 4583 1281 4644 auctorem
1296 4578 1444 4657 utriusque
