3118 5282
214 441 292 514 348

211 617 287 681 felix
304 636 469 682 successus
486 617 697 700 responderit,
721 614 845 697 reliqui,
863 618 897 676 ut
912 613 1096 679 lustinus
1113 618 1169 698 bl,
1194 617 1404 694 irenaeus,

213 723 413 789 Clemens
440 725 744 792 Alexandrinus
767 729 800 787 et
824 721 1332 808 Cyprianusiuterpretatione
1358 726 1404 789 al-

210 832 366 918 legorice,
390 853 470 918 quae
497 855 516 897 a
536 833 664 898 ludaeis
687 833 726 896 ad
743 831 942 897 Christianos
965 832 1121 896 translata
1142 833 1270 918 ingenio
1288 832 1404 898 aetatis

212 940 354 1023 inprimis
370 941 547 1019 arridebat,
573 949 605 1005 et
620 938 675 1004 lini
697 937 837 1024 praelixo
854 940 1063 1025 congruebat,
1086 940 1176 1005 valde
1199 940 1404 1004 delectaban-

211 1053 275 1112 tur.
322 1050 467 1113 Attamen
484 1049 514 1112 in
532 1049 626 1114 rebus
641 1047 715 1112 lidei
737 1047 860 1111 minime
883 1065 941 1110 suc
958 1047 1083 1133 iugenio
1107 1045 1324 1126 confidebant,
1349 1049 1404 1112 sed

211 1155 311 1239 probe
339 1161 566 1240 cognoscenter
593 1155 733 1220 intimum
754 1155 917 1220 doctrinae
940 1155 1073 1220 biblicae
1088 1175 1199 1220 nexum
1216 1177 1287 1220 cum
1305 1157 1405 1238 tlepo-

211 1265 275 1328 sito
290 1261 365 1330 lidei
380 1265 466 1330 illum
483 1285 610 1330 seusam
625 1267 801 1330 babuerunt
816 1264 1000 1350 genuinum,
1024 1265 1079 1349 qui
1101 1266 1134 1328 iu
1156 1265 1321 1330 Ecclesiae
1345 1266 1405 1328 do-

213 1372 313 1436 centis
329 1374 398 1436 sinu
416 1375 654 1438 custodiebatur
666 1369 709 1458 ⁸).
754 1371 846 1437 Unde
861 1376 961 1456 patet,
987 1393 1067 1457 quos
1095 1373 1407 1436 commemoravimus

213 1483 325 1546 l’atres
340 1503 402 1546 nou
418 1487 482 1546 tam
495 1503 557 1567 qua
573 1488 834 1548 commentatores
849 1481 1017 1567 legendos,
1041 1501 1133 1565 qaam
1148 1483 1256 1566 potius
1272 1489 1404 1545 eatenus

212 1592 472 1658 commendandos
500 1611 590 1672 esee,
620 1595 773 1674 quatenus
800 1591 978 1674 depositum
1001 1587 1079 1655 lidei
1105 1589 1244 1656 fideliter
1272 1610 1406 1656 conser-

211 1704 332 1763 rerunt.

301 1810 336 1872 ln
361 1809 496 1874 bistoria
512 1815 615 1874 autem
636 1807 841 1891 expositionis
856 1805 990 1884 biblicae
1003 1807 1175 1889 primorum
1192 1827 1287 1872 aerae
1319 1807 1407 1871 cbri-

211 1917 330 1984 slianae
346 1919 543 1983 saeculorum
560 1919 654 1984 etiam
669 1918 786 1982 mentio
801 1917 946 1984 facientia
959 1916 1085 1980 videtur
1100 1921 1313 1998 amiquuram
1323 1938 1406 1982 ecr-

209 2031 358 2108 sionem,
383 2047 463 2113 quae
478 2027 560 2090 baud
581 2047 656 2092 raro
673 2047 824 2111 perquam
846 2029 994 2090 accurate
1017 2045 1143 2090 sensum
1164 2032 1285 2090 rectum
1314 2025 1407 2089 exbi-

209 2133 304 2215 beut,
326 2136 481 2200 varietate
504 2134 661 2222 ingenium
682 2133 715 2198 iu
737 2133 862 2198 meliori
883 2131 1082 2216 dijudicando
1111 2137 1245 2216 acuunt,
1269 2139 1302 2196 et
1331 2135 1362 2197 ei
1389 2155 1409 2197 a

210 2243 385 2308 Catholicis
400 2245 563 2328 proiectae
586 2249 618 2308 et
641 2245 679 2309 ab
694 2244 844 2310 Ecclesia
866 2248 1013 2328 receptae
1030 2247 1125 2324 suut,
1159 2247 1263 2308 testes
1280 2263 1407 2322 seusus,

209 2369 301 2432 quem
316 2351 461 2416 Ecclesia
476 2351 508 2414 in
524 2352 659 2417 diversis
673 2352 755 2417 loeis
770 2352 892 2432 tenuit,
917 2351 1115 2418 constituunt
1126 2342 1171 2437 ⁵).

298 2459 377 2522 Post
393 2458 495 2540 prima
516 2479 592 2523 rero
607 2479 701 2524 serae
719 2459 909 2526 christianae
925 2458 1052 2523 saecula
1072 2458 1264 2542 interpretes
1282 2457 1350 2540 jam
1374 2459 1406 2522 iu

210 2567 351 2632 diverses
367 2567 493 2632 scholas
508 2567 672 2650 abierunt,
695 2569 735 2634 de
752 2567 864 2653 quibus
880 2567 1012 2655 singulis
1028 2587 1128 2652 pauca
1142 2567 1293 2632 dicemus.

239 2706 264 2775 1)
285 2714 381 2763 Confer
398 2727 479 2774 supra
498 2714 524 2775 ς.
546 2716 597 2762 m
617 2727 676 2777 sqq.

235 2799 261 2866 1)
281 2805 449 2866 origenes
468 2806 519 2853 ruit
537 2806 651 2866 primus,
672 2808 717 2868 qui
735 2807 852 2866 integros
871 2806 901 2851 v.
921 2810 951 2854 et
968 2807 1000 2852 N.
1022 2806 1053 2853 Τ.
1072 2805 1154 2854 libros
1172 2809 1308 2867 perpetuis
1328 2807 1407 2856 cos·-

281 2897 415 2944 mentsriis
434 2897 584 2944 illustrarit.

234 2979 261 3050 1)
281 2985 319 3032 nd
338 2987 512 3046 expositiones
532 2986 737 3034 christianorum
751 2987 885 3046 antiquas,
906 2999 971 3046 quae
990 2987 1142 3044 perierunt,
1162 2987 1265 3033 reterre
1289 2992 1405 3048 oportet.

282 3089 348 3136 quas
367 3077 570 3135 ileracleou,
591 3081 679 3124 sectae
703 3077 895 3126 Valentinianae
914 3077 1032 3124 addictus
1052 3077 1175 3138 scripsit,
1202 3090 1310 3137 quarum
1332 3079 1406 3137 frag·

283 3169 370 3213 mente
389 3165 556 3227 origenes
577 3169 718 3216 comment.
738 3167 764 3213 ln
784 3167 861 3214 Joan.
881 3167 954 3216 Tem.
967 3167 1035 3214 xiii.
1047 3179 1070 3214 c.
1083 3167 1200 3214 25-59.
1220 3167 1290 3216 Edit.
1305 3167 1407 3214 (iber-

281 3255 362 3303 tbtlr
379 3258 539 3315 asservavit3
559 3270 639 3316 porro
653 3257 788 3317 epistolam
806 3257 893 3304 Julii
911 3257 1065 3306 Airlceni
1083 3258 1115 3304 ad
1133 3257 1267 3317 quemdam
1279 3259 1405 3304 Aristi-

281 3345 363 3406 dem,
384 3359 416 3392 ex
434 3357 485 3406 qua
502 3347 671 3394 Eusebius
690 3348 786 3402 iocum,
807 3359 858 3407 quo
877 3346 997 3396 llaltbsei
1016 3352 1042 3394 et
1061 3349 1144 3394 burae
1157 3349 1326 3407 genealogiae
1340 3361 1405 3406 pro·

282 3435 368 3496 postte
387 3435 454 3483 luter
472 3439 563 3496 patres
583 3437 714 3484 naturales
734 3441 762 3483 et
779 3437 875 3498 legales
894 3438 1042 3486 discrimine
1062 3438 1134 3484 luter
1157 3451 1186 3486 se
1213 3438 1403 3496 conciliantur,

283 3528 365 3576 refert
382 3523 462 3588 (iiist.
481 3528 577 3576 eccles.
597 3528 642 3574 iib.
663 3529 683 3574 i.
704 3540 761 3588 cap.
781 3527 819 3589 7).

237 3608 264 3680 ⁸)
283 3617 358 3664 conr.
378 3617 404 3676 s.
427 3619 488 3666 rar.
509 3620 536 3665 a.
556 3619 580 3682 s.
606 3619 664 3665 roa.
687 3621 710 3667 1.
730 3621 786 3664 not.
810 3621 832 3666 r.
851 3619 877 3680 s.
898 3617 1083 3677 aa1.0011.s.
1106 3619 1166 3664 ras.

233 3700 258 3766 ⁵)
278 3707 411 3767 Ejusmodi
429 3709 564 3774 versiones
584 3713 644 3756 sunt
661 3709 773 3768 latinae,
792 3722 858 3770 quse
877 3710 932 3770 jam
953 3715 1013 3758 aute
1039 3709 1219 3768 Hieronymum
1239 3709 1404 3768 prostabant,

281 3796 396 3856 inprimis
414 3810 492 3856 vero,
519 3811 584 3859 quse
603 3799 635 3846 ab
654 3800 845 3859 Augustino
867 3797 915 3862 (de
936 3799 1053 3846 doctrina
1071 3799 1164 3846 christ.
1183 3799 1239 3845 bib.
1260 3799 1292 3846 il.
1307 3811 1331 3847 c.
1349 3799 1405 3858 1⁵.)

280 3887 399 3934 nudatur
424 3889 511 3936 itala
541 3893 570 3937 et
587 3890 675 3938 versic
695 3890 796 3948 syriaca
814 3890 984 3938 Pesebito.

495 4066 524 4133 s.
542 4060 596 4124 ali
612 4061 707 4122 triola
721 4061 923 4136 interpretandi
937 4062 1125 4121 liexaudnna

297 4196 370 4260 Mox
383 4199 459 4278 post
472 4194 594 4260 initium
609 4217 702 4262 aerae
717 4197 855 4282 uulgaris
872 4196 982 4260 literae
999 4197 1079 4260 baud
1095 4215 1204 4280 parum
1227 4196 1405 4262 floruerunt

208 4304 483 4386 Alexandriae,
503 4303 558 4368 ubi
574 4303 639 4388 jam
657 4305 784 4370 saeculo
800 4306 840 4368 ll.
856 4305 1200 4383 etlll.l’autaeuus,
1218 4303 1406 4370 Clemens

207 4412 254 4476 ni
267 4432 367 4480 exau
379 4414 436 4476 dr0
452 4418 485 4478 et
501 4411 707 4499 Origenes
723 4414 868 4479 doctriua
884 4414 1060 4478 eminebant
1076 4412 1118 4499 ¹).

296 4523 590 4606 interpretationem
612 4543 638 4586 s.
663 4523 848 4607 Scripturae
873 4525 955 4606 quod
979 4523 1110 4602 attinet,
1132 4525 1245 4586 Patres
1262 4524 1403 4586 Alexan·

208 4629 289 4693 drini
306 4650 476 4715 eorumque
491 4651 654 4716 sequaces,
678 4652 756 4714 quos
775 4633 967 4698 Sebolern
986 4631 1295 4696 Alexandrinam
1323 4654 1402 4696 nuu-
