3112 5284
266 397 344 472 3⁰8

263 576 343 640 tioai
363 581 466 642 tanen
491 593 551 638 non
577 573 752 651 contrariu
775 577 879 635 utrm
902 591 981 636 nova
1002 575 1045 636 eit
1060 574 1220 655 doctrina,
1250 595 1289 637 an
1312 575 1345 636 in
1362 577 1396 637 Α.
1412 573 1443 636 i.

258 684 323 767 jaun
340 690 372 748 et
386 684 486 768 ipaine
504 683 594 747 librio
610 682 703 746 etiarn
720 680 947 764 antiquioribus
964 688 1111 747 contenta
1127 676 1188 772 ⁵)'i

352 795 384 860 ti.
408 793 537 856 Demum
553 791 662 875 paucis
678 809 754 855 uena
771 791 976 878 dogmaticus,
994 798 1026 856 ct
1042 794 1085 876 ei,
1103 795 1186 876 quod
1202 794 1286 858 baud
1303 815 1380 858 raro
1396 796 1446 858 ob·

261 903 352 981 tinet,
374 905 479 969 textus
495 900 589 966 annul
604 899 731 964 moralia
747 905 807 980 eat,
832 899 924 964 ctiam
941 900 1095 982 doctrina,
1111 923 1203 988 qnam
1215 902 1445 988 complectitur,

260 1009 404 1091 moralia,
426 1009 490 1074 iuno
505 1009 664 1077 hincinde
680 1028 804 1092 quoque
824 1027 920 1072 nexae
943 1030 1013 1076 cum
1035 1010 1105 1076 aliia
1127 1010 1308 1094 diaciplinia
1330 1012 1447 1094 poterit

261 1117 432 1203 indignari,
454 1117 620 1182 Quomodo
636 1138 697 1180 uon
708 1116 797 1199 jaato
812 1117 964 1200 prolixior
985 1118 1027 1182 ait
1048 1119 1223 1203 interpres,
1256 1120 1445 1204 egrediente

260 1226 382 1291 acilicct
396 1225 512 1290 lirnitca
527 1225 663 1290 maneria
678 1225 738 1289 aui.
761 1225 933 1308 Praecipue
948 1225 1091 1314 dignior,
1115 1247 1194 1310 quae
1210 1229 1249 1291 dc
1264 1228 1337 1292 Deo
1363 1233 1396 1290 et
1410 1228 1444 1291 de

259 1334 411 1422 dignitate
427 1339 522 1418 atque
537 1331 598 1398 linc
620 1331 787 1397 bominiae
809 1333 953 1398 doctrina
975 1333 1089 1398 biblica
1108 1335 1226 1420 prodiit
1248 1335 1359 1416 notio,
1385 1357 1441 1400 non

259 1443 435 1530 negligatur
451 1437 494 1530 ⁶).

285 1621 309 1694 ¹)
330 1627 373 1676 Sic
393 1641 417 1676 e.
435 1641 475 1690 3.,
495 1629 554 1688 qnia
568 1625 659 1676 necin.
678 1625 715 1687 V,
735 1625 777 1674 ti.
798 1625 893 1674 dictum
910 1639 926 1674 a
941 1627 1066 1674 Domino:
1092 1627 1148 1690 Epo
1168 1631 1256 1676 oeten
1279 1629 1341 1678 dico
1361 1628 1442 1688 colia,

302 1775 306 1790 .
329 1731 383 1766 non
392 1719 496 1782 jurare
512 1718 631 1778 omnino,
639 1717 821 1780 perjurandum
833 1720 918 1778 utper
934 1731 964 1766 aa
977 1717 1089 1766 illicitum
1107 1719 1217 1780 rejicere
1234 1718 1351 1782 ridetur,
1365 1721 1443 1768 inter·

329 1823 389 1871 pree
407 1821 459 1856 nou
477 1809 559 1857 aolurn
579 1809 665 1868 iprum
683 1812 779 1856 textura
798 1821 829 1854 ex
845 1810 983 1857 occasione
997 1815 1024 1858 et
1038 1809 1162 1858 oraticula
1180 1811 1310 1863 concillo,
1332 1823 1383 1858 nec
1398 1823 1446 1858 non

327 1913 357 1947 ex
370 1904 491 1950 contextu
508 1898 658 1955 ventilabit,
678 1900 724 1947 eod
743 1899 819 1946 etiam
838 1899 895 1946 iiior
913 1900 1001 1956 lecca,
1021 1901 1064 1948 ubi
1082 1913 1165 1961 neque
1185 1901 1262 1949 leena
1279 1914 1367 1962 neque
1378 1903 1444 1962 Apo·

325 1989 386 2038 atoli
404 2001 490 2038 coram
505 1989 698 2050 maricii-atibus
717 1993 763 2036 aut
781 1990 807 2036 in
825 2001 856 2037 re
874 1990 947 2048 gravi
970 1989 1148 2050 Juejuraudum
1173 1990 1339 2039 detrectasse
1356 1993 1443 2050 legun·

327 2085 380 2140 tur,
399 2086 428 2130 ut
446 2081 536 2130 blattb.
556 2079 650 2137 xxvi,
675 2080 718 2130 33.
735 2077 807 2127 Rom.
829 2080 882 2142 iii,
902 2081 922 2127 i.
943 2081 974 2128 ll.
998 2080 1057 2133 Gor.
1072 2083 1097 2138 i,
1119 2081 1164 2128 23.
1188 2085 1215 2128 et
1234 2094 1339 2130 ornnem
1357 2083 1442 2130 ando·

293 2216 297 2228 ,
325 2174 392 2232 giam
410 2173 544 2220 doctrinae
564 2171 705 2232 reapiciet,
734 2171 771 2220 ita
788 2175 817 2218 ut
838 2170 943 2220 enatum
961 2171 1025 2220 iilud
1041 2172 1141 2220 Domni
1160 2185 1210 2219 non
1227 2173 1259 2220 de
1283 2174 1358 2220 ouini
1373 2175 1444 2234 jora·

319 2262 446 2322 jurando,
463 2263 509 2310 aed
524 2263 556 2310 de
574 2263 641 2308 nuria
654 2262 843 2310 conauetudine
855 2261 961 2322 iurandi
980 2263 1006 2310 iu
1026 2262 1160 2324 colloquiis
1174 2261 1255 2310 obviis
1275 2275 1326 2324 per
1347 2265 1446 2311 toranu-

328 2354 366 2400 iaa
385 2353 550 2410 deceptoriae
569 2353 688 2412 explicet.

281 2453 308 2524 2)
327 2460 469 2522 Proiecto,
488 2460 531 2522 qni
550 2459 637 2506 rerbia
655 2459 732 2508 ioan.
751 2461 836 2518 xvii,
857 2460 883 2509 3.
904 2460 975 2510 Hace
996 2465 1038 2510 cat
1057 2461 1115 2510 cito
1137 2464 1260 2519 aeterne,
1279 2465 1311 2510 ut
1332 2477 1442 2526 coprea-

329 2553 393 2600 cuot
410 2553 436 2600 tc
453 2553 540 2600 colem
554 2551 636 2600 Deum
654 2564 762 2608 ιιινιιιιι,
783 2555 824 2613 ct,
843 2565 919 2614 pecta
936 2553 1051 2610 miniati,
1080 2553 1173 2602 dcam
1194 2550 1350 2610 (liciatum,
1372 2555 1444 2601 unice

331 2643 453 2690 inebtene
476 2639 551 2689 iidem
568 2642 594 2688 iu
612 2653 701 2689 rernm
719 2642 800 2690 ileum
817 2646 844 2692 at
860 2641 949 2690 derum
971 2642 1102 2690 onmium
1129 2643 1213 2691 colam
1234 2643 1329 2692 mutia
1353 2655 1445 2692 conae·

329 2733 446 2792 quentiae
462 2732 636 2780 conditionem
656 2733 818 2790 declararet,
837 2733 919 2779 textui
938 2733 1063 2782 tribueret
1083 2731 1244 2794 doctrinam,
1271 2745 1341 2794 quae
1369 2736 1394 2782 ei
1419 2747 1447 2782 cx

329 2826 413 2870 mente
428 2822 531 2868 Domini
551 2835 601 2869 non
621 2824 700 2869 ineet.

284 2924 308 2992 ³)
328 2931 380 2978 Nec
402 2932 484 2978 minna
502 2931 630 2990 interpret
648 2945 663 2979 a
680 2933 753 2978 textu
768 2935 886 2986 erueret,
912 2929 979 2990 quod
1006 2942 1057 2980 non
1075 2933 1204 2988 continet,
1225 2933 1249 2978 ai
1265 2933 1371 2980 modum
1386 2947 1446 2995 pro·
1540 2937 1541 2956 ¹

329 3021 442 3080 ponendi
460 3021 616 3082 doctrinam,
635 3033 660 3066 e.
678 3033 704 3080 ς.
724 3020 804 3068 blare,
831 3021 879 3080 iii,
907 3021 951 3068 ne.
971 3021 1013 3068 it.
1037 3021 1069 3068 de
1087 3034 1174 3070 verine
1200 3034 1251 3069 uon
1278 3023 1404 3072 morituro
1424 3027 1446 3070 et

328 3112 387 3170 igne
407 3122 459 3158 nou
477 3111 661 3170 exatingnendo
681 3113 708 3158 et
727 3110 827 3157 modum
843 3123 897 3158 eam
915 3109 1057 3171 probandi,
1076 3114 1139 3171 puta
1156 3110 1231 3158 liebr.
1247 3112 1314 3172 vii,
1346 3117 1370 3160 i.
1390 3127 1446 3174 eqq.

328 3205 409 3261 ipacm
424 3203 564 3248 doctrinam
581 3213 641 3248 aare
656 3203 798 3248 aeaereret.

282 3304 308 3374 ¹¹)
330 3312 378 3368 lta,
399 3313 422 3359 ei
439 3313 571 3370 interpres
590 3309 662 3356 Bora.
683 3309 732 3370 lX,
765 3309 807 3358 id.
836 3321 867 3356 ex
886 3308 988 3357 verbiat
1014 3309 1100 3372 icitur
1120 3323 1174 3357 raon
1201 3310 1334 3366 colenda,
1363 3324 1444 3372 nepotc

327 3403 476 3462 cera-antio,
496 3403 546 3450 aed
561 3399 717 3448 maerentia
733 3402 774 3446 eat
790 3399 840 3448 ilci
849 3432 857 3455 ,
876 3397 954 3448 veltet
971 3400 1088 3461 intona,
1107 3401 1134 3446 in
1151 3403 1336 3460 consequenda
1350 3399 1443 3462 justii-

325 3496 426 3542 catione
443 3494 524 3540 libero
542 3492 650 3540 neunt·
668 3490 777 3538 arbitrio
795 3489 880 3538 nullae
894 3493 982 3548 parter
1000 3501 1059 3538 eata
1079 3491 1276 3552 concedendae,
1295 3492 1342 3538 vei
1360 3493 1383 3538 ni
1397 3492 1442 3540 ibi·

326 3585 383 3632 deta
401 3583 481 3632 rerba
500 3597 524 3628 v.
544 3584 587 3630 ei.
606 3581 645 3630 An
663 3594 718 3628 raon
736 3580 818 3630 babet
832 3583 993 3644 potestatem
1010 3579 1106 3644 tipuloa
1124 3581 1174 3628 luti
1191 3593 1225 3628 ecc
1240 3583 1336 3630 cedem
1355 3595 1443 3630 arcem

323 3673 421 3736 facere
439 3673 514 3721 uliud
533 3672 637 3734 quidem
654 3685 704 3720 eea
722 3671 752 3720 io
770 3671 917 3726 bonorem,
946 3671 1020 3720 uliud
1038 3683 1104 3718 ecre
1122 3671 1152 3718 in
1173 3669 1386 3720 contumelium?
1411 3673 1441 3720 de

324 3764 441 3810 absoluto
463 3762 707 3824 praedestinationis
728 3767 755 3809 et
777 3760 968 3822 reprobationis
987 3761 1092 3808 decreto
1111 3761 1271 3816 declararet,
1292 3774 1358 3809 eane
1381 3764 1441 3810 doc·

324 3849 415 3900 trinam
431 3853 548 3913 Apostoli
565 3855 655 3900 contra
670 3855 815 3901 contextum
833 3855 858 3899 et
876 3852 999 3899 orationis
1018 3852 1151 3899 concilium
1172 3839 1303 3911 exponena
1331 3855 1440 3913 auctori,

324 3957 390 4004 qnae
410 3943 552 3999 condicit,
572 3943 733 3992 obtunderet.

279 4046 353 4114 ⁵ili.
374 4065 401 4112 g.
420 4053 448 4100 in
468 4053 626 4112 exporitione
644 4054 697 4101 ioci
720 4054 827 4102 claaaici
850 4053 922 4102 Bono.
942 4054 983 4116 v,
1004 4054 1117 4101 it-iii.
1137 4053 1169 4102 de
1188 4057 1299 4115 peccato
1319 4054 1439 4114 originali

323 4147 467 4206 opportune
482 4143 596 4192 monebit
615 4145 762 4206 interpret,
791 4145 856 4192 lianc
873 4145 1018 4197 doctrinam
1034 4144 1065 4193 ab
1086 4145 1152 4192 omni
1171 4144 1339 4208 pbiloaopbia
1358 4148 1439 4194 lutrae

323 4237 481 4296 ignoratam,
511 4247 561 4280 non
581 4239 664 4284 tamen
683 4246 774 4282 novam
793 4247 872 4294 ecee,
902 4235 948 4282 aed
966 4235 1019 4296 jaro
1038 4235 1065 4280 in
1082 4234 1110 4281 V.
1133 4235 1162 4282 li.
1192 4234 1265 4282 libris
1293 4239 1439 4282 contentam

323 4326 419 4374 Genea.
438 4327 484 4374 iii.
505 4323 564 4383 Sap.
585 4325 623 4382 ll,
643 4327 687 4372 23.
707 4326 752 4372 ci.

276 4427 302 4498 θ)
323 4434 362 4480 lta
377 4433 465 4485 liettb.
484 4432 529 4491 vi,
550 4433 666 4482 20-3i.
696 4436 800 4492 praeter
821 4433 962 4483 doctrinam
981 4433 1148 4492 dogmaticam
1174 4433 1206 4479 de
1233 4433 1322 4480 divina
1350 4435 1435 4494 prori-

321 4524 406 4571 deniia
424 4523 559 4583 interpreti
578 4535 625 4570 oua
642 4526 734 4580 sponte
754 4535 783 4569 ae
801 4521 890 4572 oderat
911 4527 1076 4583 praeceptum
1089 4524 1185 4570 morale
1201 4523 1233 4572 dc
1249 4537 1298 4583 spe
1317 4525 1343 4571 in
1360 4526 1435 4571 Deum

320 4617 484 4675 collocanda,
505 4615 603 4688 pariter
623 4614 807 4671 exponendum.
