3120 5294
230 509 282 584 70

230 686 363 769 primum
388 707 449 769 ope
473 693 647 750 contextus
670 688 703 748 et
724 685 946 766 parallelismi
966 684 1131 764 cerbatis,
1166 684 1238 747 dum
1271 703 1372 749 voees
1397 705 1434 748 ac

232 795 366 877 phrases
391 813 418 858 s.
449 792 637 876 Scripturas
662 791 828 856 hebraicas
853 791 922 858 sive
947 811 984 854 cx
1007 793 1270 858 antecedentibus
1295 800 1329 857 ct
1354 814 1434 856 con-

232 903 436 987 sequentibns
459 903 489 966 iu
515 903 625 967 cadem
656 901 812 966 orationis
843 901 929 966 serie
965 901 1085 984 obuiis,
1122 901 1189 966 sive
1220 923 1258 966 ex
1281 902 1432 966 adductis

231 1011 314 1076 locis
338 1011 499 1093 parallelis
523 1009 676 1076 dilucidat
699 1016 793 1096 atque
816 1009 1023 1090 determinat;
1047 1009 1119 1074 dein
1136 1031 1195 1094 ope
1212 1014 1434 1096 etpmntopiae

237 1130 270 1184 et
294 1124 470 1203 analogice
493 1122 629 1202 linquae
652 1121 840 1198 hebraicae,
865 1119 1014 1181 dumont
1038 1139 1075 1182 ex
1099 1124 1263 1203 potestate
1287 1119 1434 1182 elemen-

233 1233 339 1292 torum
362 1227 413 1294 vel
437 1227 669 1316 significatione
693 1226 844 1310 primaria
866 1225 1108 1309 vocabulorum,
1138 1231 1193 1292 aut
1216 1249 1254 1292 ex
1277 1225 1431 1292 similitu·

236 1337 307 1400 diue
330 1335 451 1400 formae
476 1335 680 1420 alloquendi
703 1335 868 1398 modorum
893 1334 1153 1418 expressionibus
1177 1357 1239 1399 uon
1263 1333 1434 1400 sotularis

234 1443 337 1506 lucem
362 1442 464 1507 affert.
505 1446 566 1508 Ast
594 1443 706 1529 ingens
731 1447 783 1508 est
805 1441 891 1508 iuter
920 1443 999 1506 baec
1021 1463 1101 1508 osus
1125 1442 1272 1526 loquendi
1294 1441 1433 1505 inuesti-

234 1551 331 1635 gandi
364 1552 506 1616 subsidia
541 1551 664 1616 ratione
701 1550 903 1615 auctoritatis
934 1549 1112 1614 discrimen.
1159 1550 1274 1614 Priora
1296 1550 1433 1614 iuduunt

232 1664 375 1723 naturam
398 1661 651 1724 testimoniorum
676 1659 887 1743 directorum,
923 1659 969 1722 ita
993 1659 1136 1742 quidem,
1167 1665 1202 1722 ut
1226 1659 1329 1744 quoad
1354 1680 1432 1722 con-

231 1772 351 1834 textum
374 1769 406 1834 in
432 1769 540 1834 eadem
564 1767 719 1832 orationis
743 1766 832 1834 serie
856 1772 950 1854 atque
974 1765 1064 1832 locos
1089 1765 1264 1849 parallelos
1288 1764 1433 1848 ejusdem

232 1875 374 1942 auctoris
398 1877 540 1942 omnibns
573 1875 643 1942 aliie
667 1876 875 1960 praeferenda
898 1875 982 1956 sint,
1006 1881 1040 1940 et
1063 1875 1268 1940 omnimodam
1291 1875 1429 1938 certitu·

232 1985 334 2048 dinem
358 1984 548 2069 praebeant,
581 1986 651 2048 dum
675 1989 787 2050 contra
810 1983 1011 2066 posteriora,
1046 1988 1155 2066 utpote
1178 1983 1265 2046 inter
1287 1981 1433 2046 subsidia

232 2093 387 2155 indirecta
410 2092 571 2156 interioris
597 2091 717 2154 ordinis
741 2089 920 2173 referende,
943 2090 1069 2154 nonnisi
1094 2091 1228 2175 aliquam
1251 2089 1432 2174 probabili-

231 2205 330 2266 tatem
342 2199 493 2282 majorem
509 2200 700 2264 minoremve
716 2198 926 2282 suppeditant.
945 2197 995 2286 (§.
1012 2203 1067 2265 22.
1087 2205 1116 2266 1.
1132 2199 1164 2282 S.
1181 2203 1237 2266 23.
1254 2205 1286 2265 2.
1302 2197 1336 2280 S.
1353 2197 1430 2284 24.)

322 2310 404 2388 Quia
438 2331 516 2374 vern
552 2309 590 2371 de
627 2319 782 2374 contestu
818 2307 907 2374 Sect.
932 2309 957 2374 l.
982 2309 1058 2394 Cap.
1088 2309 1128 2374 ll.
1151 2309 1259 2374 Tract.
1283 2307 1307 2371 l.
1334 2308 1430 2371 etde

233 2422 318 2484 loeis
353 2419 530 2500 parallelis
566 2417 654 2482 Sect.
679 2417 703 2486 l.
729 2415 805 2501 Cap.
839 2417 892 2484 lll.
922 2418 1031 2482 Traet.
1067 2418 1091 2484 1.
1115 2417 1246 2482 uberior
1281 2421 1430 2482 recurret

232 2547 348 2606 sermo,
373 2527 433 2588 hoo
458 2526 532 2590 loco
556 2525 750 2590 solummodo
775 2527 813 2590 de
838 2529 1032 2611 etprrsolopia
1056 2532 1088 2590 et
1111 2529 1269 2609 analogia
1292 2525 1424 2610 liuguae

230 2634 400 2699 hebraicae
423 2653 524 2715 pauca
547 2633 699 2698 dicemus.

257 2764 286 2828 Ι’)
308 2767 370 2813 Vide
388 2768 494 2814 veteres
513 2764 670 2814 ludaeorum
689 2763 886 2825 grammaticos,
905 2765 984 2810 veluti
1003 2765 1083 2816 Dav.
1103 2763 1296 2810 Kimehium
1316 2763 1430 2810 initiare

307 2859 449 2919 ldiklnl,
474 2857 518 2918 qul
536 2858 563 2903 in
582 2857 701 2904 doctrina
719 2857 752 2903 de
771 2857 927 2906 tormstlone
944 2856 1101 2918 verborum,
1120 2855 1251 2902 nominum
1270 2859 1296 2902 et
1314 2855 1429 2916 particu-

302 2949 384 2996 larum
403 2959 433 2996 so
453 2949 484 2995 de
503 2947 677 3010 potestatibus
695 2948 820 2996 vocalium
840 2947 1025 3006 signorumque
1044 2947 1247 3006 diacrinomeni,
1260 2957 1428 3006 quaecunque

305 3042 466 3088 monuments
484 3039 566 3099 prisol
583 3037 727 3086 liebrstsml
745 3037 921 3100 praebebant,
942 3036 1132 3084 studiosissime
1151 3037 1259 3084 collecte
1277 3036 1353 3086 nobis
1367 3035 1429 3084 reli·

308 3133 427 3192 querunt.

617 3271 645 3339 ς.
662 3266 706 3325 4³.
721 3265 890 3340 ttymolossts
905 3268 1039 3326 hebraica

319 3397 411 3460 hicet
446 3395 637 3484 etymologia
672 3395 742 3462 sola
774 3385 1001 3460 vocabulorum
1035 3381 1181 3459 notiones
1214 3393 1331 3458 docere
1368 3415 1430 3457 nou

233 3505 351 3585 valeat,
382 3523 419 3567 ea
449 3509 554 3567 tamen
577 3504 608 3566 in
632 3503 813 3590 linguarum
837 3503 943 3568 studio
969 3503 1091 3566 minime
1122 3500 1243 3566 sterilis
1269 3502 1430 3565 censenda
1544 3581 1545 3586 ἵ

236 3617 288 3677 est
323 3611 447 3695 (§.-23.
479 3613 516 3673 ll.
543 3616 574 3676 1.
599 3616 664 3675 not.
690 3611 762 3700 4.);
797 3611 985 3696 praeprimis
1018 3609 1141 3696 linguae
1176 3609 1343 3674 hebraicae
1378 3609 1429 3671 iu·

232 3720 422 3804 vestigatori
456 3719 553 3782 multa
589 3724 621 3781 et
655 3720 738 3782 haud
771 3720 883 3804 exigua
914 3721 1077 3783 commoda
1110 3724 1262 3802 praestat.
1302 3716 1428 3779 Etenim
1544 3763 1545 3766 ,

235 3832 479 3912 praeterquam,
515 3827 598 3910 quod
634 3827 717 3891 sicut
745 3827 780 3890 in
803 3827 876 3892 aliis
900 3827 1036 3915 linguis,
1072 3825 1116 3889 ita
1152 3827 1185 3890 et
1215 3825 1248 3890 iu
1278 3823 1429 3890 hebraica

232 3935 333 3998 multa
355 3933 514 4014 illustrat,
545 3933 617 3998 dum
648 3934 823 4018 generatim
847 3933 1100 4022 significationes
1124 3954 1236 3998 vocum
1259 3932 1429 3996 hebraica·

233 4065 303 4108 rum
326 4042 485 4106 derivatas
518 4063 555 4107 ex
584 4040 817 4128 significatione
849 4045 950 4127 prims
987 4042 1118 4128 ejusque
1151 4041 1363 4108 translatione
1387 4041 1428 4104 ad

233 4151 296 4217 alia
318 4148 523 4234 significanda
545 4151 732 4236 investigata
760 4151 917 4218 clariores
951 4157 1044 4236 atque
1069 4151 1236 4216 distinctas
1259 4149 1367 4215 reddit
1383 4140 1426 4236 ²),
1544 4155 1545 4162 ³

235 4265 269 4326 et
293 4260 457 4345 spatario,
491 4279 571 4343 qnae
601 4259 760 4324 abnormis
783 4261 924 4340 videtur,
961 4281 998 4324 ex
1022 4256 1255 4345 significatione
1280 4255 1428 4343 originali

236 4369 374 4453 explieat
397 4367 447 4455 Β),
482 4368 620 4432 studium
654 4367 835 4434 llebreismi
868 4368 978 4435 biblici
1013 4367 1169 4452 singulari
1202 4367 1295 4430 modo
1325 4365 1427 4448 juvat.
1544 4347 1545 4360 ³

235 4482 277 4544 st
299 4478 424 4564 quidem

327 4591 359 4653 1.
382 4587 485 4651 lucem
516 4585 729 4650 desideratam
759 4585 852 4650 affert
880 4585 1027 4668 pluribus
1061 4583 1163 4667 locis,
1199 4583 1295 4648 veluti
1318 4583 1348 4648 si
1371 4605 1426 4646 oc·

236 4696 335 4762 currit
358 4715 584 4781 nonnumquam
608 4695 639 4760 in
655 4693 766 4762 Bibliis
789 4694 959 4770 obliterata
976 4699 1029 4760 aut
1047 4692 1215 4759 obscurata
1231 4689 1425 4779 significatio
