3190 5290
267 393 316 494 1⁸

258 577 394 664 optimae
421 580 570 644 auctores
599 573 639 642 ad
655 573 946 660 interpretationem
963 594 989 642 a.
1017 573 1204 664 scripturae
1228 577 1389 664 proponit,
1424 583 1458 644 et

257 690 412 754 Juniliaea
431 688 627 772 Africanae,
649 686 696 750 be
716 686 864 752 Partibus
880 687 1041 752 literarum
1057 707 1230 768 sacrarum,
1250 690 1301 754 uix
1324 689 1458 754 utiliora

256 798 451 862 addiderunt.
480 796 582 862 bledlo
611 815 688 860 aero
715 817 783 860 eum
808 797 939 879 reliquie
961 796 1022 862 ieta
1039 819 1176 883 ‚quoque
1203 798 1370 882 diaciplina
1395 799 1458 862 mi·

258 927 317 970 nue
341 913 449 970 curata
470 906 540 972 luit.
572 909 764 991 Quamquam
792 909 951 970 caeterum
975 907 1112 970 eludium
1136 907 1285 972 biblicum
1309 913 1383 970 ante
1408 907 1459 998 eie

257 1015 372 1080 dictam
400 1015 657 1080 reformationem
688 1019 924 1096 renasceretur,
953 1015 1196 1082 llermeneutica
1219 1023 1322 1080 umen
1351 1015 1459 1080 eeriua

258 1124 360 1188 excoli
382 1123 499 1210 coepit.
533 1123 744 1192 Nihilominus
772 1144 872 1209 usque
897 1125 935 1189 ad
957 1124 1167 1190 recentiorem
1191 1131 1326 1192 aetatem
1343 1123 1459 1188 obaer-

264 1234 332 1298 rari
348 1232 435 1317 lieet,

350 1348 380 1411 1.
415 1343 515 1428 ipsam
538 1341 812 1410 llermenenticam
844 1342 978 1408 nondum
1009 1342 1054 1408 ita
1085 1343 1151 1408 aule
1174 1339 1290 1406 linibue
1315 1340 1456 1406 circum·

257 1451 408 1537 scriptam
420 1451 530 1534 luiaee,
547 1457 581 1516 ut
595 1457 739 1518 caeterae
753 1453 937 1539 discipliuae
948 1451 1082 1517 biblicae
1095 1451 1133 1516 ab
1147 1473 1184 1516 ca
1198 1450 1459 1530 excluderentur,

347 1566 378 1629 2.
410 1583 555 1646 sensum,
572 1583 663 1647 quem
680 1561 786 1628 dicum
802 1562 978 1648 mysticam,
995 1562 1050 1630 ieti
1066 1562 1163 1630 aetati
1180 1560 1306 1626 nimium
1323 1559 1356 1624 iu
1372 1559 1457 1624 deli·
1570 1551 1571 1566 ¹

260 1670 318 1734 ciis
335 1669 450 1751 iuleae3

349 1781 380 1844 3.
409 1779 499 1862 justo
516 1778 667 1844 minorem
686 1801 791 1845 curam
809 1779 992 1865 explicandi,
1010 1798 1090 1866 quae
1106 1782 1144 1846 ad
1161 1784 1327 1846 anctorum
1343 1781 1454 1844 cultu·

256 1910 341 1974 rom,
358 1888 503 1972 adeoque
520 1891 558 1952 ad
576 1888 654 1970 aevi,
672 1911 733 1974 quc
750 1888 896 1977 rigebant
912 1890 1190 1974 aacriaeriptoree,
1208 1887 1368 1975 cogitandi
1379 1905 1456 1950 eeu·

255 1997 416 2084 tieudique
432 1997 586 2062 rationem
603 2003 757 2082 spectant,
774 1997 889 2084 ubique
906 1999 1052 2083 nequead
1065 1997 1251 2064 semlerum
1264 1994 1332 2085 (an.
1346 1994 1456 2083 1267)

255 2127 420 2187 occurere,
445 2107 498 2190 qui
514 2127 589 2170 rere
610 2106 668 2170 lrac
696 2105 726 2171 iu
754 2127 789 2171 re
807 2104 914 2190 justos
930 2105 1047 2172 limites
1063 2113 1281 2193 transgreeeue
1299 2107 1348 2168 eet
1364 2125 1455 2169 com-

256 2217 400 2280 mendata
424 2213 701 2298 interpretatione,
731 2236 810 2301 quae
826 2214 902 2280 Jeeu
920 2222 951 2280 et
967 2216 1131 2300 Apnatclie
1148 2215 1260 2282 tribuit
1275 2231 1455 2278 accommo-

258 2326 415 2390 dationem
440 2323 658 2410 dngmaticam.
689 2323 780 2388 Cerri.
810 2323 889 2387 intra
910 2325 942 2406 S.
967 2323 1032 2390 128
1049 2330 1115 2388 not.
1134 2328 1164 2392 1.
1188 2326 1221 2407 S.
1239 2327 1317 2394 288.
1335 2331 1402 2388 net.
1419 2328 1453 2388 2.

345 2432 466 2496 Notatu
492 2431 635 2518 digniora
656 2452 760 2518 opera
781 2435 1027 2500 bermeneutica
1056 2433 1213 2520 assignari
1239 2437 1372 2517 pcaeunt
1399 2451 1452 2496 ae-

257 2541 406 2624 quentia:

674 2646 694 2702 l.
725 2645 1049 2703 catholicorume

349 2756 467 2824 eecce·
477 2756 680 2824 senensis
692 2761 754 2824 Are
763 2759 987 2843 interpretandi
996 2758 1180 2842 scripturae
1203 2777 1311 2824 aacrae
1327 2757 1454 2823 abaclu-

257 2865 388 2930 tieaima.
406 2866 658 2948 Venetiie15663
673 2889 751 2950 opue
765 2869 804 2931 ob
816 2867 1037 2950 praestantiam
1051 2868 1233 2950 eaepieeime
1245 2887 1453 2930 recusum,—

257 2974 446 3038 Bernardi
462 2975 576 3060 Lamy
604 2977 779 3060 Apparatus
795 2977 939 3039 biblicae.
966 2975 1066 3062 bugd.
1089 2979 1177 3044 1723
1191 2975 1318 3064 (Vocet
1334 2975 1452 3060 rato),

256 3085 289 3147 in
301 3105 362 3167 quo
380 3084 471 3150 etiam
488 3085 616 3172 regulae
632 3106 658 3148 e.
671 3085 867 3170 Scripturarn
883 3085 1110 3169 interpretandi
1125 3074 1303 3148 traduntur.
1320 3121 1363 3133 —
1382 3085 1454 3148 no-

259 3192 413 3278 guetini
426 3191 575 3258 Calmet
587 3192 783 3258 bibliotheca
796 3201 914 3274 sancta,
931 3194 1118 3258 dictionario
1136 3193 1252 3258 biblico
1274 3193 1454 3278 praemiosa.

262 3305 362 3368 Paria.
383 3307 479 3384 1722,
496 3306 528 3370 in
544 3325 605 3388 qua
620 3311 739 3388 ecptem
760 3305 887 3392 regulae
902 3305 1151 3370 bermencuticae
1168 3306 1395 3386 preponuntur.
1410 3335 1455 3348 -

262 3411 414 3476 Sebaet.
429 3413 658 3493 Seemirller,
677 3415 892 3478 lnatituticnea
909 3413 947 3476 ad
963 3413 1294 3494 interpretationem.
1308 3410 1455 3491 Scriptu-

257 3541 321 3585 rae.
339 3522 714 3608 Arguetaevind.1779.
737 3559 782 3572 -
806 3522 993 3607 Gregorii
1009 3523 1138 3605 llayer
1156 3521 1318 3585 luatitntio
1353 3519 1454 3584 inter·

256 3631 358 3714 pretia
378 3633 469 3695 eacri.
493 3633 693 3697 vindobonae
710 3633 809 3698 1789.
838 3666 882 3678 -
912 3630 941 3694 J.
963 3631 1055 3715 Nep.
1072 3630 1210 3712 Alter,
1235 3629 1453 3695 luetitutionea

256 3741 506 3807 bermenenticae
529 3762 555 3806 e.
582 3737 783 3826 scripturae.¹
800 3739 940 3805 Peetbini
951 3727 1057 3808 1818.
1084 3775 1129 3788 -
1151 3739 1182 3803 J.
1207 3739 1335 3804 Baltlr.
1359 3739 1452 3802 (ier-

257 3851 409 3931 baueer,
422 3849 819 3930 Bibliaehellermeneutilr,
834 3852 978 3936 beraueg.
995 3871 1051 3912 von
1060 3851 1097 3912 Α.
1110 3849 1209 3912 berc
1221 3848 1373 3920 benmtil
1383 3847 1451 3910 ler.

259 3959 383 4042 llempt.
409 3960 513 4040 18293
545 3960 657 4042 quibua
680 3960 820 4022 omnibus
843 3964 946 4023 tamen
968 3959 1059 4042 plura
1075 3959 1287 4036 continenter,
1313 3975 1393 4038 quae
1412 3955 1451 4019 ad

260 4067 338 4132 aliae
361 4068 541 4150 disciplinae
569 4067 717 4146 biblicae,
755 4067 918 4149 epcciatim
941 4068 980 4132 ad
1003 4067 1270 4152 introductionem
1296 4069 1450 4150 epectant.

260 4175 351 4238 Talia
368 4175 492 4239 excluea
507 4180 581 4239 eunt
594 4176 627 4238 in
642 4176 918 4258 subaequentibue:
1071 4251 1074 4254 Ι
1464 4239 1474 4261 3,

289 4283 291 4289 ⁴
351 4283 459 4347 loon.
480 4283 499 4346 J
505 4285 578 4348 alrn
585 4333 595 4367 ,
620 4283 820 4348 Euchiridicu
844 4277 1110 4350 Hermeuenticae'
1123 4283 1290 4370 generatio.
1314 4282 1451 4372 Viennae
1567 4367 1568 4374 ἵ

263 4390 362 4472 1812,
372 4393 403 4454 in
419 4413 481 4474 quo
498 4375 624 4478 regulae
638 4393 676 4456 de
692 4371 795 4474 eenen,
812 4395 850 4458 de
867 4391 1022 4474 contextu,
1038 4391 1168 4458 materia
1184 4394 1355 4470 eubatrata,
1372 4413 1448 4455 con·
1567 4389 1568 4392 ’

263 4499 335 4564 eilio
350 4491 488 4563 arietaria
505 4499 637 4582 alliaque
652 4501 821 4585 adjunctio,
837 4505 876 4568 de
892 4504 973 4567 locie
987 4501 1162 4586 parallelis,
1178 4501 1297 4582 tropie,
1322 4502 1449 4590 empba·

264 4608 362 4690 eibue,
379 4591 619 4696 ἐναντιοφοίνοις,Ι
631 4617 663 4675 et
678 4613 717 4676 de
734 4614 955 4678 exercitatione
971 4590 1201 4678 hermeneuticn
1215 4591 1349 4696 aiugalie
1363 4615 1450 4702 trac-
1471 4688 1475 4696 ι
