3112 5284
1244 449 1318 525 3¹1

232 619 263 681 2.
288 616 361 701 quia
383 620 518 702 repetita
539 619 674 685 lectione
689 621 746 684 tali
763 622 962 704 praecipuum
985 641 1011 684 s.
1027 621 1212 705 Scripturas
1229 645 1323 710 argn-

143 731 290 806 mentum,
314 727 424 790 saltcm
440 727 625 793 historicum
641 729 806 793 memoriae
822 730 1025 813 imprimitnr3

231 843 264 906 3.
289 839 361 922 quia
372 838 598 920 parallelismus
609 837 729 901 recenti
740 837 875 901 lectione
886 839 1052 902 memoriae
1067 861 1237 904 occurrens
1253 841 1335 923 plu-¹
1431 867 1434 876 ·

142 945 238 1010 rimm
254 944 455 1010 difficultates
477 946 589 1026 solvet,
614 946 815 1029 solvendique
830 947 988 1010 materiam
1012 947 1258 1012 subministrabit
1274 949 1323 1030 ¹),

234 1055 265 1119 i.
290 1054 362 1138 quia
378 1055 415 1116 ad
431 1054 566 1116 studium
581 1053 727 1117 biblicum
743 1053 800 1116 tali
814 1050 950 1118 lectione
967 1055 1082 1137 optimc
1098 1061 1323 1139 praeparantur

141 1162 316 1249 Theologi,
339 1164 450 1246 partim
467 1183 559 1244 quum
575 1183 632 1244 per
654 1183 720 1226 eam
745 1163 915 1226 necessitas
938 1163 1170 1246 disciplinarum
1193 1165 1323 1228 biblica-

143 1290 232 1350 rum,
256 1275 289 1333 et
302 1271 549 1356 theologicarum
564 1271 736 1355 generatim
752 1271 924 1353 pandatur,
947 1271 1060 1354 partim
1075 1291 1149 1336 vero
1166 1293 1259 1355 quum
1274 1271 1323 1334 bis

142 1378 223 1459 ipsis
240 1378 412 1460 disciplinis
428 1377 545 1460 majore
561 1377 697 1442 utilitate
714 1399 810 1461 opera
824 1383 971 1458 navetur,
993 1383 1156 1463 postquam
1173 1380 1324 1465 allegato·

140 1506 211 1548 rum
227 1485 366 1549 locorum
384 1490 548 1550 contextus
565 1486 708 1550 cursoria
723 1487 894 1551 Bibliornm
910 1486 1046 1552 lectione
1061 1487 1242 1551 innotuerit.

233 1595 266 1661 5.
290 1595 416 1660 Demum
433 1615 491 1677 pro
506 1615 565 1660 usu
581 1599 646 1659 tum
663 1597 764 1680 quoad
791 1596 950 1680 propriam
973 1593 1235 1675 aedificationem,
1259 1602 1324 1659 tum

143 1704 246 1788 quoad
262 1724 373 1766 munus
395 1703 553 1787 pastorale
575 1705 772 1767 sacerdotnm
799 1705 880 1768 haud
908 1703 1035 1789 exiguus
1063 1725 1080 1766 e
1108 1704 1164 1767 tali
1188 1703 1323 1768 lectione

141 1812 265 1876 fructus
282 1817 450 1876 excrescet.

234 1921 312 1984 Dein
329 1923 412 2006 quod
424 1921 536 1984 attinet
553 1921 716 2000 rationem,
739 1941 799 2003 qua
814 1919 892 1983 banc
905 1919 1071 1983 lectionem
1087 1919 1325 1983 instituere'nos
1437 2005 1441 2014 Ι

146 2033 284 2114 oportet,
307 2030 386 2094 bene
402 2035 498 2116 agunt
518 2029 691 2115 Theologi,
716 2030 769 2114 qui
790 2029 876 2094 locos
893 2027 1102 2108 difficiliores,
1127 2048 1204 2112 quoe
1219 2029 1324 2091 statim

144 2136 318 2201 dilucidare
335 2138 440 2200 datum
455 2159 517 2202 non
535 2142 593 2216 cst,
618 2143 670 2200 aut
687 2137 739 2221 qui
761 2137 800 2200 ob
818 2157 1028 2221 quamcunque
1050 2135 1200 2200 rationem
1214 2157 1324 2222 graves

141 2245 302 2326 videntur,
319 2247 446 2310 chartae
463 2247 617 2324 mandent,
635 2267 672 2308 ne
688 2245 835 2308 memoria
850 2245 1021 2325 elabantur,
1039 2249 1070 2308 et
1086 2243 1199 2325 desint,
1223 2265 1322 2328 quan-

143 2354 183 2416 do
199 2357 254 2416 ant
269 2371 345 2417 usus
361 2358 415 2416 ant
430 2353 483 2418 lux
498 2373 534 2418 se
550 2351 671 2418 offeret.
697 2355 793 2424 Porro
818 2354 1008 2418 commodum
1024 2357 1088 2432 est,
1112 2352 1243 2438 siugulis
1258 2353 1325 2415 dic-

142 2461 201 2524 bns
227 2461 336 2524 ordine
356 2459 418 2524 fixo
434 2466 555 2544 partem
576 2461 747 2526 Bibliorum
770 2482 931 2526 sacrorum
946 2462 991 2524 ita
1009 2461 1135 2548 legere,
1158 2465 1193 2524 ut
1214 2459 1324 2524 saltem

144 2591 224 2632 anno
241 2575 387 2634 currente
403 2591 507 2635 omnes
522 2572 596 2634 libri
611 2571 694 2634 sacri
710 2571 844 2635 lectione
859 2571 1058 2635 absolvantur
1071 2564 1114 2656 ἓ).

233 2677 353 2756 Quodsi
368 2683 545 2760 quaeritur,
573 2691 634 2764 qu'o
656 2681 803 2742 idiomate
819 2699 846 2741 s.
863 2679 1028 2762 Scriptura
1043 2679 1086 2742 sit
1100 2677 1247 2764 legenda,
1271 2699 1322 2742 re-

144 2785 346 2868 spondemus,
370 2785 402 2848 in
418 2785 558 2850 cursoria
581 2787 717 2850 lectione
744 2787 782 2850 de
809 2785 954 2849 idiomate
971 2807 1032 2848 nou
1049 2785 1126 2848 adeo
1154 2783 1322 2848 sollicitum

146 2915 216 2958 esse
234 2901 400 2977 oportere,
425 2917 494 2958 cnm
510 2915 619 2958 sensus
635 2895 821 2974 Bibliornm,
844 2895 872 2958 si
895 2900 1069 2978 spectamus
1087 2895 1267 2971 essentiam,
1291 2895 1323 2956 iu

145 3004 287 3067 omnibus
306 3005 349 3066 sit
364 3004 461 3084 idem,
485 3004 649 3066 dummodo
665 3003 843 3082 versiones,
868 3003 980 3087 quibus
995 3002 1127 3081 utimur,
1150 3003 1214 3064 sint
1229 3023 1323 3065 accu-

144 3117 242 3175 ratae.
266 3114 365 3176 Porro
380 3112 538 3175 idiomatis
554 3131 628 3176 usus
644 3132 663 3174 a
677 3112 812 3198 legentis
826 3111 976 3174 facultate
992 3111 1115 3192 pendet.
1144 3110 1324 3174 Praeferant

145 3221 280 3302 patrium
294 3219 425 3300 idioma,
442 3221 495 3302 qui
512 3217 686 3282 sufficiente
701 3220 816 3283 latinae
832 3225 885 3282 aut
898 3218 1095 3304 originiariae
1111 3218 1232 3302 linguae
1249 3239 1325 3304 cog-

145 3329 263 3398 nitione
276 3335 393 3400 carent.
419 3329 496 3393 Cum
511 3335 613 3392 tamen
630 3329 766 3414 cognitio
783 3329 938 3392 idiomatis
954 3327 1109 3396 versionis,
1120 3327 1233 3390 latinae
1248 3327 1325 3390 Vul-

146 3437 239 3522 gatae
254 3439 305 3502 vix
319 3439 351 3502 in
368 3438 431 3502 ullo
446 3439 606 3523 Tbeolcgn
622 3439 794 3502 desiderari
810 3442 913 3522 queat,
936 3438 1013 3500 haec
1029 3458 1086 3520 pro
1104 3437 1246 3502 cursoria
1258 3436 1326 3498 lec-

146 3545 231 3608 tione
248 3546 341 3610 etiam
357 3545 440 3625 illis,
457 3547 568 3629 quibus
584 3545 717 3610 facultas
729 3547 884 3610 idiomatis
897 3545 1060 3630 originarii
1075 3566 1134 3608 non
1150 3545 1249 3626 deest,
1261 3543 1326 3626 jam

146 3657 313 3737 propterea
341 3655 547 3720 commendari
567 3659 721 3732 meretur,
745 3655 817 3737 qnia
837 3654 968 3736 simplex
992 3651 1128 3735 ejusdem
1150 3657 1181 3714 et
1206 3654 1328 3716 nativus

147 3781 249 3825 sermo
265 3762 396 3826 animum
411 3763 488 3826 mire
505 3760 618 3844 aflicit,
642 3767 675 3826 et
689 3763 835 3846 frequens
851 3767 932 3827 'usus
958 3761 1189 3827 ecclesiasticus
1212 3782 1328 3825 memo-

148 3855 225 3933 riam
242 3870 368 3956 egregie
384 3870 518 3954 adjuvat.
1390 3866 1392 3869 ”

176 4081 201 4150 ¹)
221 4090 271 4150 „ln
298 4090 345 4140 bne
373 4090 497 4148 lectione,
527 4095 556 4139 nt
573 4093 690 4140 debuit
711 4094 797 4142 verbis
820 4099 933 4152 numer,
953 4093 1123 4143 observentur
1145 4093 1327 4150 expressiones

222 4193 380 4240 synonymae
400 4184 427 4228 et
445 4182 625 4242 satifactione,
644 4196 710 4243 quse
730 4185 833 4231 multum
850 4187 988 4232 conferunt
1007 4185 1040 4230 ed
1059 4194 1162 4235 sensum
1183 4181 1330 4239 adcuratine

221 4270 409 4332 deliniendam,
428 4275 549 4320 notentur
567 4285 648 4333 porro
676 4274 790 4322 rationes
809 4279 966 4336 syntaxeos,
986 4274 1108 4322 dictiones
1130 4285 1146 4320 s
1171 4274 1261 4318 nestm
1283 4283 1331 4318 usn

222 4363 342 4423 loquendi
368 4364 539 4424 recedentes,
577 4375 713 4424 eamusque
735 4365 775 4410 vls
801 4369 924 4424 eruetur3
949 4365 1167 4412 mmoevertetur
1193 4364 1329 4409 contextus

221 4454 308 4506 clarus
330 4457 357 4502 et
385 4453 531 4513 obscurusa
554 4453 611 4512 loca
629 4452 758 4514 diflicilia,
785 4467 850 4516 quse
872 4469 901 4504 se
921 4456 979 4515 ipss
1005 4453 1130 4514 offerent,
1148 4451 1327 4512 illustrentur,

222 4543 383 4592 elucidentnr
404 4546 473 4604 tropi
494 4548 522 4592 et
541 4543 706 4602 mlegorlee.”
745 4545 875 4594 bacblrid.
896 4547 1057 4592 llermeaent.
1083 4555 1143 4602 pag.
1161 4543 1221 4588 18⁰.
1257 4543 1332 4600 Quod

219 4634 354 4692 monitum,
375 4639 401 4682 nt
418 4640 505 4698 patet,
549 4637 701 4695 praeprimis
721 4638 752 4684 ad
772 4637 907 4686 lectionem
926 4638 1008 4683 textus
1027 4633 1159 4694 originarii
1181 4633 1296 4694 quadrat.
