<?xml version="1.0" encoding="UTF-8"?>
<!DOCTYPE html PUBLIC "-//W3C//DTD XHTML 1.0 Transitional//EN"
    "http://www.w3.org/TR/xhtml1/DTD/xhtml1-transitional.dtd">
<html xmlns="http://www.w3.org/1999/xhtml" xml:lang="en" lang="en">
 <head>
  <title>
</title>
<meta http-equiv="Content-Type" content="text/html;charset=utf-8" />
  <meta name='ocr-system' content='tesseract 3.04.00' />
  <meta name='ocr-capabilities' content='ocr_page ocr_carea ocr_par ocr_line ocrx_word'/>
</head>
<body>
  <div class='ocr_page' id='page_1' title='image "./hermeneuticabib00kohlgoog_0316.png"; bbox 0 0 3112 5284; ppageno 0'>
   <div class='ocr_carea' id='block_1_1' title="bbox 1232 427 1306 506">
    <p class='ocr_par' dir='ltr' id='par_1_1' title="bbox 1232 427 1306 506">
     <span class='ocr_line' id='line_1_1' title="bbox 1232 427 1306 506; baseline 0.054 -4"><span class='ocrx_word' id='word_1_1' title='bbox 1232 427 1306 506; x_wconf 77' lang='lat' dir='ltr'><strong>eei</strong></span> 
     </span>
    </p>
   </div>
   <div class='ocr_carea' id='block_1_2' title="bbox 128 600 1321 2406">
    <p class='ocr_par' dir='ltr' id='par_1_2' title="bbox 128 600 1317 1663">
     <span class='ocr_line' id='line_1_2' title="bbox 131 600 1311 688; baseline 0.002 -20"><span class='ocrx_word' id='word_1_2' title='bbox 131 600 189 668; x_wconf 77' lang='lat' dir='ltr'><strong>lici</strong></span> <span class='ocrx_word' id='word_1_3' title='bbox 216 605 347 672; x_wconf 89' lang='lat' dir='ltr'><strong>consilia</strong></span> <span class='ocrx_word' id='word_1_4' title='bbox 362 639 405 652; x_wconf 84' lang='lat'>-</span> <span class='ocrx_word' id='word_1_5' title='bbox 428 603 518 668; x_wconf 92' lang='lat' dir='ltr'><strong>nobis</strong></span> <span class='ocrx_word' id='word_1_6' title='bbox 541 603 608 666; x_wconf 82' lang='lat' dir='ltr'><strong>fors</strong></span> <span class='ocrx_word' id='word_1_7' title='bbox 637 605 797 684; x_wconf 87' lang='lat' dir='ltr'><strong>hueusque</strong></span> <span class='ocrx_word' id='word_1_8' title='bbox 820 604 980 688; x_wconf 83' lang='lat' dir='ltr'><strong>incognita</strong></span> <span class='ocrx_word' id='word_1_9' title='bbox 1002 638 1045 651; x_wconf 89' lang='lat'><strong>--</strong></span> <span class='ocrx_word' id='word_1_10' title='bbox 1062 608 1167 669; x_wconf 86' lang='lat' dir='ltr'><strong>sensui</strong></span> <span class='ocrx_word' id='word_1_11' title='bbox 1196 603 1311 670; x_wconf 87' lang='lat' dir='ltr'><strong>literali</strong></span> 
     </span>
     <span class='ocr_line' id='line_1_3' title="bbox 130 711 1312 797; baseline 0.003 -21"><span class='ocrx_word' id='word_1_12' title='bbox 130 713 266 776; x_wconf 86' lang='lat' dir='ltr'><strong>aetionis</strong></span> <span class='ocrx_word' id='word_1_13' title='bbox 290 714 466 795; x_wconf 76' lang='lat' dir='ltr'><strong>descriptae</strong></span> <span class='ocrx_word' id='word_1_14' title='bbox 483 712 626 775; x_wconf 75' lang='lat' dir='ltr'><strong>subsint?</strong></span> <span class='ocrx_word' id='word_1_15' title='bbox 673 711 739 774; x_wconf 90' lang='lat' dir='ltr'><strong>Nec</strong></span> <span class='ocrx_word' id='word_1_16' title='bbox 756 732 883 795; x_wconf 81' lang='lat' dir='ltr'><strong>magnae</strong></span> <span class='ocrx_word' id='word_1_17' title='bbox 904 711 1121 794; x_wconf 85' lang='lat' dir='ltr'><strong>difficultates,</strong></span> <span class='ocrx_word' id='word_1_18' title='bbox 1146 735 1224 797; x_wconf 88' lang='lat' dir='ltr'><strong>quae</strong></span> <span class='ocrx_word' id='word_1_19' title='bbox 1240 736 1312 779; x_wconf 74' lang='lat' dir='ltr'><strong>sen-</strong></span> 
     </span>
     <span class='ocr_line' id='line_1_4' title="bbox 132 819 1312 908; baseline 0.006 -25"><span class='ocrx_word' id='word_1_20' title='bbox 132 842 199 885; x_wconf 89' lang='lat' dir='ltr'><strong>snm</strong></span> <span class='ocrx_word' id='word_1_21' title='bbox 218 821 370 884; x_wconf 78' lang='lat' dir='ltr'><strong>literalem</strong></span> <span class='ocrx_word' id='word_1_22' title='bbox 387 825 547 904; x_wconf 89' lang='lat' dir='ltr'><strong>premunt,</strong></span> <span class='ocrx_word' id='word_1_23' title='bbox 564 819 683 882; x_wconf 89' lang='lat' dir='ltr'><strong>certum</strong></span> <span class='ocrx_word' id='word_1_24' title='bbox 701 820 834 883; x_wconf 88' lang='lat' dir='ltr'><strong>aetionis</strong></span> <span class='ocrx_word' id='word_1_25' title='bbox 850 820 1040 904; x_wconf 76' lang='lat' dir='ltr'><strong>symbolicae</strong></span> <span class='ocrx_word' id='word_1_26' title='bbox 1059 821 1204 886; x_wconf 91' lang='lat' dir='ltr'><strong>indicium</strong></span> <span class='ocrx_word' id='word_1_27' title='bbox 1220 845 1312 908; x_wconf 89' lang='lat' dir='ltr'><strong>prae-</strong></span> 
     </span>
     <span class='ocr_line' id='line_1_5' title="bbox 130 921 1312 1016; baseline 0.003 -26"><span class='ocrx_word' id='word_1_28' title='bbox 130 921 222 1008; x_wconf 90' lang='lat' dir='ltr'><strong>bent,</strong></span> <span class='ocrx_word' id='word_1_29' title='bbox 260 929 332 1012; x_wconf 85' lang='lat' dir='ltr'><strong>quia</strong></span> <span class='ocrx_word' id='word_1_30' title='bbox 365 929 455 1012; x_wconf 85' lang='lat' dir='ltr'><strong>plura</strong></span> <span class='ocrx_word' id='word_1_31' title='bbox 489 946 515 990; x_wconf 90' lang='lat' dir='ltr'><strong>s.</strong></span> <span class='ocrx_word' id='word_1_32' title='bbox 541 921 724 1009; x_wconf 87' lang='lat' dir='ltr'><strong>Scripturae</strong></span> <span class='ocrx_word' id='word_1_33' title='bbox 759 928 843 990; x_wconf 83' lang='lat' dir='ltr'><strong>lacta</strong></span> <span class='ocrx_word' id='word_1_34' title='bbox 873 927 959 1014; x_wconf 82' lang='lat' dir='ltr'><strong>leges</strong></span> <span class='ocrx_word' id='word_1_35' title='bbox 994 935 1123 995; x_wconf 87' lang='lat' dir='ltr'><strong>naturae</strong></span> <span class='ocrx_word' id='word_1_36' title='bbox 1154 933 1312 1016; x_wconf 86' lang='lat' dir='ltr'><strong>superant,</strong></span> 
     </span>
     <span class='ocr_line' id='line_1_6' title="bbox 129 1035 1313 1122; baseline 0.002 -20"><span class='ocrx_word' id='word_1_37' title='bbox 129 1040 273 1122; x_wconf 79' lang='lat' dir='ltr'><strong>adeoque</strong></span> <span class='ocrx_word' id='word_1_38' title='bbox 296 1057 353 1100; x_wconf 89' lang='lat' dir='ltr'><strong>sua</strong></span> <span class='ocrx_word' id='word_1_39' title='bbox 381 1041 493 1100; x_wconf 90' lang='lat' dir='ltr'><strong>natura</strong></span> <span class='ocrx_word' id='word_1_40' title='bbox 514 1035 688 1100; x_wconf 85' lang='lat' dir='ltr'><strong>intellectui</strong></span> <span class='ocrx_word' id='word_1_41' title='bbox 716 1035 850 1099; x_wconf 89' lang='lat' dir='ltr'><strong>hominis</strong></span> <span class='ocrx_word' id='word_1_42' title='bbox 874 1037 934 1098; x_wconf 94' lang='lat' dir='ltr'><strong>sibi</strong></span> <span class='ocrx_word' id='word_1_43' title='bbox 958 1037 1019 1101; x_wconf 89' lang='lat' dir='ltr'><strong>soli</strong></span> <span class='ocrx_word' id='word_1_44' title='bbox 1040 1038 1153 1110; x_wconf 89' lang='lat' dir='ltr'><strong>relicto</strong></span> <span class='ocrx_word' id='word_1_45' title='bbox 1177 1038 1313 1106; x_wconf 73' lang='lat' dir='ltr'><strong>difficul-</strong></span> 
     </span>
     <span class='ocr_line' id='line_1_7' title="bbox 129 1141 1312 1230; baseline 0.003 -22"><span class='ocrx_word' id='word_1_46' title='bbox 129 1152 214 1210; x_wconf 89' lang='lat' dir='ltr'><strong>tates</strong></span> <span class='ocrx_word' id='word_1_47' title='bbox 230 1147 312 1208; x_wconf 87' lang='lat' dir='ltr'><strong>haud</strong></span> <span class='ocrx_word' id='word_1_48' title='bbox 336 1145 462 1230; x_wconf 81' lang='lat' dir='ltr'><strong>exiguas</strong></span> <span class='ocrx_word' id='word_1_49' title='bbox 486 1147 602 1208; x_wconf 88' lang='lat' dir='ltr'><strong>creant.</strong></span> <span class='ocrx_word' id='word_1_50' title='bbox 649 1141 858 1208; x_wconf 84' lang='lat' dir='ltr'><strong>Difficultetes</strong></span> <span class='ocrx_word' id='word_1_51' title='bbox 881 1166 956 1210; x_wconf 88' lang='lat' dir='ltr'><strong>vero</strong></span> <span class='ocrx_word' id='word_1_52' title='bbox 980 1145 1019 1209; x_wconf 86' lang='lat' dir='ltr'><strong>ab</strong></span> <span class='ocrx_word' id='word_1_53' title='bbox 1043 1146 1196 1229; x_wconf 88' lang='lat' dir='ltr'><strong>ejusmodi</strong></span> <span class='ocrx_word' id='word_1_54' title='bbox 1219 1169 1312 1212; x_wconf 84' lang='lat' dir='ltr'><strong>even-</strong></span> 
     </span>
     <span class='ocr_line' id='line_1_8' title="bbox 128 1252 1316 1336; baseline 0.003 -18"><span class='ocrx_word' id='word_1_55' title='bbox 128 1257 217 1318; x_wconf 91' lang='lat' dir='ltr'><strong>tibus</strong></span> <span class='ocrx_word' id='word_1_56' title='bbox 233 1277 295 1318; x_wconf 89' lang='lat' dir='ltr'><strong>non</strong></span> <span class='ocrx_word' id='word_1_57' title='bbox 318 1253 580 1334; x_wconf 80' lang='lat' dir='ltr'><strong>interpretatione</strong></span> <span class='ocrx_word' id='word_1_58' title='bbox 597 1252 844 1331; x_wconf 88' lang='lat' dir='ltr'><strong>rationalistica,</strong></span> <span class='ocrx_word' id='word_1_59' title='bbox 869 1258 903 1316; x_wconf 88' lang='lat' dir='ltr'><strong>nt</strong></span> <span class='ocrx_word' id='word_1_60' title='bbox 919 1259 1049 1336; x_wconf 83' lang='lat' dir='ltr'><strong>uocant,</strong></span> <span class='ocrx_word' id='word_1_61' title='bbox 1074 1263 1127 1320; x_wconf 89' lang='lat' dir='ltr'><strong>aut</strong></span> <span class='ocrx_word' id='word_1_62' title='bbox 1150 1257 1316 1321; x_wconf 85' lang='lat' dir='ltr'><strong>arbitraria</strong></span> 
     </span>
     <span class='ocr_line' id='line_1_9' title="bbox 130 1357 1317 1446; baseline 0.002 -20"><span class='ocrx_word' id='word_1_63' title='bbox 130 1363 323 1426; x_wconf 81' lang='lat' dir='ltr'><strong>assumtione</strong></span> <span class='ocrx_word' id='word_1_64' title='bbox 359 1381 469 1426; x_wconf 89' lang='lat' dir='ltr'><strong>sensus</strong></span> <span class='ocrx_word' id='word_1_65' title='bbox 500 1357 666 1444; x_wconf 85' lang='lat' dir='ltr'><strong>symbolici</strong></span> <span class='ocrx_word' id='word_1_66' title='bbox 688 1362 907 1440; x_wconf 85' lang='lat' dir='ltr'><strong>removendas,</strong></span> <span class='ocrx_word' id='word_1_67' title='bbox 937 1363 993 1425; x_wconf 88' lang='lat' dir='ltr'><strong>sed</strong></span> <span class='ocrx_word' id='word_1_68' title='bbox 1024 1365 1063 1426; x_wconf 91' lang='lat' dir='ltr'><strong>ad</strong></span> <span class='ocrx_word' id='word_1_69' title='bbox 1092 1361 1317 1446; x_wconf 89' lang='lat' dir='ltr'><strong>interpretandi</strong></span> 
     </span>
     <span class='ocr_line' id='line_1_10' title="bbox 133 1463 1313 1558; baseline 0 -22"><span class='ocrx_word' id='word_1_70' title='bbox 133 1477 319 1556; x_wconf 84' lang='lat' dir='ltr'><strong>praecepta,</strong></span> <span class='ocrx_word' id='word_1_71' title='bbox 345 1471 457 1552; x_wconf 90' lang='lat' dir='ltr'><strong>quihus</strong></span> <span class='ocrx_word' id='word_1_72' title='bbox 482 1491 589 1533; x_wconf 89' lang='lat' dir='ltr'><strong>sacrae</strong></span> <span class='ocrx_word' id='word_1_73' title='bbox 612 1463 722 1534; x_wconf 92' lang='lat' dir='ltr'><strong>literae</strong></span> <span class='ocrx_word' id='word_1_74' title='bbox 747 1466 786 1532; x_wconf 87' lang='lat' dir='ltr'><strong>cb</strong></span> <span class='ocrx_word' id='word_1_75' title='bbox 810 1467 943 1534; x_wconf 87' lang='lat' dir='ltr'><strong>divinam</strong></span> <span class='ocrx_word' id='word_1_76' title='bbox 967 1490 1053 1534; x_wconf 88' lang='lat' dir='ltr'><strong>suam</strong></span> <span class='ocrx_word' id='word_1_77' title='bbox 1069 1473 1220 1558; x_wconf 83' lang='lat' dir='ltr'><strong>originem</strong></span> <span class='ocrx_word' id='word_1_78' title='bbox 1237 1495 1313 1557; x_wconf 87' lang='lat' dir='ltr'><strong>pen·</strong></span> 
     </span>
     <span class='ocr_line' id='line_1_11' title="bbox 129 1569 964 1663; baseline -0.004 -18"><span class='ocrx_word' id='word_1_79' title='bbox 129 1584 228 1660; x_wconf 91' lang='lat' dir='ltr'><strong>dent,</strong></span> <span class='ocrx_word' id='word_1_80' title='bbox 252 1569 417 1644; x_wconf 89' lang='lat' dir='ltr'><strong>solvendas</strong></span> <span class='ocrx_word' id='word_1_81' title='bbox 441 1599 520 1658; x_wconf 90' lang='lat' dir='ltr'><strong>esse,</strong></span> <span class='ocrx_word' id='word_1_82' title='bbox 545 1600 582 1642; x_wconf 90' lang='lat' dir='ltr'><strong>ax</strong></span> <span class='ocrx_word' id='word_1_83' title='bbox 597 1579 691 1642; x_wconf 92' lang='lat' dir='ltr'><strong>dietis</strong></span> <span class='ocrx_word' id='word_1_84' title='bbox 713 1579 807 1642; x_wconf 86' lang='lat' dir='ltr'><strong>facile</strong></span> <span class='ocrx_word' id='word_1_85' title='bbox 823 1584 910 1660; x_wconf 87' lang='lat' dir='ltr'><strong>patet</strong></span> <span class='ocrx_word' id='word_1_86' title='bbox 923 1575 964 1663; x_wconf 81' lang='lat'><strong>⁷).</strong></span> 
     </span>
    </p>

    <p class='ocr_par' dir='ltr' id='par_1_3' title="bbox 130 1688 1321 2406">
     <span class='ocr_line' id='line_1_12' title="bbox 220 1688 1316 1774; baseline 0.002 -22"><span class='ocrx_word' id='word_1_87' title='bbox 220 1690 303 1768; x_wconf 80' lang='lat' dir='ltr'><strong>Quid</strong></span> <span class='ocrx_word' id='word_1_88' title='bbox 317 1709 392 1754; x_wconf 86' lang='lat' dir='ltr'><strong>vero</strong></span> <span class='ocrx_word' id='word_1_89' title='bbox 416 1701 468 1752; x_wconf 87' lang='lat' dir='ltr'><strong>res</strong></span> <span class='ocrx_word' id='word_1_90' title='bbox 491 1689 540 1752; x_wconf 87' lang='lat' dir='ltr'><strong>vel</strong></span> <span class='ocrx_word' id='word_1_91' title='bbox 555 1689 639 1752; x_wconf 86' lang='lat' dir='ltr'><strong>actio</strong></span> <span class='ocrx_word' id='word_1_92' title='bbox 656 1688 845 1770; x_wconf 87' lang='lat' dir='ltr'><strong>symbolica,</strong></span> <span class='ocrx_word' id='word_1_93' title='bbox 870 1709 949 1769; x_wconf 89' lang='lat' dir='ltr'><strong>qnae</strong></span> <span class='ocrx_word' id='word_1_94' title='bbox 970 1689 1126 1768; x_wconf 87' lang='lat' dir='ltr'><strong>occurrit,</strong></span> <span class='ocrx_word' id='word_1_95' title='bbox 1150 1688 1316 1774; x_wconf 80' lang='lat' dir='ltr'><strong>significet,</strong></span> 
     </span>
     <span class='ocr_line' id='line_1_13' title="bbox 130 1798 1317 1879; baseline 0 -17"><span class='ocrx_word' id='word_1_96' title='bbox 130 1807 185 1862; x_wconf 88' lang='lat' dir='ltr'><strong>aut</strong></span> <span class='ocrx_word' id='word_1_97' title='bbox 210 1820 246 1862; x_wconf 83' lang='lat' dir='ltr'><strong>ex</strong></span> <span class='ocrx_word' id='word_1_98' title='bbox 269 1798 391 1879; x_wconf 84' lang='lat' dir='ltr'><strong>adjecta</strong></span> <span class='ocrx_word' id='word_1_99' title='bbox 415 1798 637 1879; x_wconf 82' lang='lat' dir='ltr'><strong>explicatione,</strong></span> <span class='ocrx_word' id='word_1_100' title='bbox 661 1803 714 1859; x_wconf 87' lang='lat' dir='ltr'><strong>aut</strong></span> <span class='ocrx_word' id='word_1_101' title='bbox 739 1817 775 1860; x_wconf 84' lang='lat' dir='ltr'><strong>ex</strong></span> <span class='ocrx_word' id='word_1_102' title='bbox 799 1801 964 1876; x_wconf 84' lang='lat' dir='ltr'><strong>contextu,</strong></span> <span class='ocrx_word' id='word_1_103' title='bbox 989 1799 1153 1862; x_wconf 82' lang='lat' dir='ltr'><strong>occasione</strong></span> <span class='ocrx_word' id='word_1_104' title='bbox 1184 1805 1216 1861; x_wconf 91' lang='lat' dir='ltr'><strong>et</strong></span> <span class='ocrx_word' id='word_1_105' title='bbox 1245 1820 1317 1862; x_wconf 91' lang='lat' dir='ltr'><strong>cae-</strong></span> 
     </span>
     <span class='ocr_line' id='line_1_14' title="bbox 131 1898 1318 1990; baseline 0 -20"><span class='ocrx_word' id='word_1_106' title='bbox 131 1908 213 1970; x_wconf 85' lang='lat' dir='ltr'><strong>teris</strong></span> <span class='ocrx_word' id='word_1_107' title='bbox 237 1903 409 1988; x_wconf 88' lang='lat' dir='ltr'><strong>adjnnctis,</strong></span> <span class='ocrx_word' id='word_1_108' title='bbox 444 1912 496 1968; x_wconf 89' lang='lat' dir='ltr'><strong>aut</strong></span> <span class='ocrx_word' id='word_1_109' title='bbox 529 1925 564 1968; x_wconf 85' lang='lat' dir='ltr'><strong>ex</strong></span> <span class='ocrx_word' id='word_1_110' title='bbox 587 1901 747 1990; x_wconf 90' lang='lat' dir='ltr'><strong>loquentis</strong></span> <span class='ocrx_word' id='word_1_111' title='bbox 781 1898 914 1968; x_wconf 90' lang='lat' dir='ltr'><strong>consilio</strong></span> <span class='ocrx_word' id='word_1_112' title='bbox 938 1903 1120 1988; x_wconf 87' lang='lat' dir='ltr'><strong>plerumque</strong></span> <span class='ocrx_word' id='word_1_113' title='bbox 1143 1903 1210 1969; x_wconf 94' lang='lat' dir='ltr'><strong>sine</strong></span> <span class='ocrx_word' id='word_1_114' title='bbox 1234 1905 1318 1970; x_wconf 79' lang='lat' dir='ltr'><strong>diiii-</strong></span> 
     </span>
     <span class='ocr_line' id='line_1_15' title="bbox 135 2011 1318 2102; baseline -0.002 -22"><span class='ocrx_word' id='word_1_115' title='bbox 135 2018 252 2081; x_wconf 87' lang='lat' dir='ltr'><strong>oultate</strong></span> <span class='ocrx_word' id='word_1_116' title='bbox 277 2011 534 2102; x_wconf 80' lang='lat' dir='ltr'><strong>cognoscitur⁸).</strong></span> <span class='ocrx_word' id='word_1_117' title='bbox 583 2015 662 2078; x_wconf 86' lang='lat' dir='ltr'><strong>ilino</strong></span> <span class='ocrx_word' id='word_1_118' title='bbox 693 2013 764 2078; x_wconf 89' lang='lat' dir='ltr'><strong>inde</strong></span> <span class='ocrx_word' id='word_1_119' title='bbox 794 2019 896 2076; x_wconf 90' lang='lat' dir='ltr'><strong>tamen</strong></span> <span class='ocrx_word' id='word_1_120' title='bbox 927 2033 979 2078; x_wconf 88' lang='lat' dir='ltr'><strong>res</strong></span> <span class='ocrx_word' id='word_1_121' title='bbox 1002 2021 1105 2078; x_wconf 89' lang='lat' dir='ltr'><strong>manet</strong></span> <span class='ocrx_word' id='word_1_122' title='bbox 1127 2016 1318 2101; x_wconf 88' lang='lat' dir='ltr'><strong>aliquantum</strong></span> 
     </span>
     <span class='ocr_line' id='line_1_16' title="bbox 132 2120 1319 2210; baseline 0 -21"><span class='ocrx_word' id='word_1_123' title='bbox 132 2122 258 2189; x_wconf 87' lang='lat' dir='ltr'><strong>incerta</strong></span> <span class='ocrx_word' id='word_1_124' title='bbox 269 2120 310 2210; x_wconf 80' lang='lat'><strong>⁰).</strong></span> <span class='ocrx_word' id='word_1_125' title='bbox 336 2123 501 2188; x_wconf 82' lang='lat' dir='ltr'><strong>Caeterum</strong></span> <span class='ocrx_word' id='word_1_126' title='bbox 519 2123 611 2186; x_wconf 89' lang='lat' dir='ltr'><strong>etiam</strong></span> <span class='ocrx_word' id='word_1_127' title='bbox 628 2123 659 2184; x_wconf 90' lang='lat' dir='ltr'><strong>in</strong></span> <span class='ocrx_word' id='word_1_128' title='bbox 675 2122 850 2186; x_wconf 87' lang='lat' dir='ltr'><strong>actionibus</strong></span> <span class='ocrx_word' id='word_1_129' title='bbox 867 2123 1047 2206; x_wconf 86' lang='lat' dir='ltr'><strong>symbolicis</strong></span> <span class='ocrx_word' id='word_1_130' title='bbox 1063 2125 1154 2207; x_wconf 90' lang='lat' dir='ltr'><strong>plura</strong></span> <span class='ocrx_word' id='word_1_131' title='bbox 1169 2147 1230 2188; x_wconf 90' lang='lat' dir='ltr'><strong>uon</strong></span> <span class='ocrx_word' id='word_1_132' title='bbox 1249 2145 1319 2190; x_wconf 88' lang='lat' dir='ltr'><strong>esse</strong></span> 
     </span>
     <span class='ocr_line' id='line_1_17' title="bbox 134 2231 1321 2319; baseline 0 -23"><span class='ocrx_word' id='word_1_133' title='bbox 134 2231 360 2318; x_wconf 81' lang='lat' dir='ltr'><strong>significativa,</strong></span> <span class='ocrx_word' id='word_1_134' title='bbox 386 2253 422 2295; x_wconf 85' lang='lat' dir='ltr'><strong>ex</strong></span> <span class='ocrx_word' id='word_1_135' title='bbox 446 2231 485 2294; x_wconf 86' lang='lat' dir='ltr'><strong>iis</strong></span> <span class='ocrx_word' id='word_1_136' title='bbox 501 2231 593 2294; x_wconf 79' lang='lat' dir='ltr'><strong>l&#39;aoile</strong></span> <span class='ocrx_word' id='word_1_137' title='bbox 616 2231 818 2315; x_wconf 85' lang='lat' dir='ltr'><strong>intelligitur,</strong></span> <span class='ocrx_word' id='word_1_138' title='bbox 855 2251 933 2312; x_wconf 89' lang='lat' dir='ltr'><strong>quae</strong></span> <span class='ocrx_word' id='word_1_139' title='bbox 957 2251 1052 2315; x_wconf 87' lang='lat' dir='ltr'><strong>supra</strong></span> <span class='ocrx_word' id='word_1_140' title='bbox 1075 2235 1113 2296; x_wconf 90' lang='lat' dir='ltr'><strong>de</strong></span> <span class='ocrx_word' id='word_1_141' title='bbox 1136 2233 1321 2319; x_wconf 84' lang='lat' dir='ltr'><strong>imaginibus</strong></span> 
     </span>
     <span class='ocr_line' id='line_1_18' title="bbox 133 2342 455 2406; baseline -0.012 0"><span class='ocrx_word' id='word_1_142' title='bbox 133 2343 259 2406; x_wconf 90' lang='lat' dir='ltr'><strong>biblieis</strong></span> <span class='ocrx_word' id='word_1_143' title='bbox 274 2342 358 2404; x_wconf 88' lang='lat' dir='ltr'><strong>dicta</strong></span> <span class='ocrx_word' id='word_1_144' title='bbox 374 2344 455 2403; x_wconf 82' lang='lat' dir='ltr'><strong>sunt.</strong></span> 
     </span>
    </p>
   </div>
   <div class='ocr_carea' id='block_1_3' title="bbox 134 2463 1327 4422">
    <p class='ocr_par' dir='ltr' id='par_1_4' title="bbox 170 2463 1327 2980">
     <span class='ocr_line' id='line_1_19' title="bbox 170 2463 1325 2532; baseline 0.003 -17"><span class='ocrx_word' id='word_1_145' title='bbox 170 2469 194 2532; x_wconf 76' lang='lat'><strong>¹)</strong></span> <span class='ocrx_word' id='word_1_146' title='bbox 215 2471 361 2528; x_wconf 74' lang='lat' dir='ltr'><strong>Exemplum</strong></span> <span class='ocrx_word' id='word_1_147' title='bbox 388 2471 425 2515; x_wconf 88' lang='lat' dir='ltr'><strong>rei</strong></span> <span class='ocrx_word' id='word_1_148' title='bbox 446 2463 599 2526; x_wconf 74' lang='lat' dir='ltr'><strong>symbolicae</strong></span> <span class='ocrx_word' id='word_1_149' title='bbox 625 2465 732 2527; x_wconf 80' lang='lat' dir='ltr'><strong>praebet</strong></span> <span class='ocrx_word' id='word_1_150' title='bbox 752 2468 844 2514; x_wconf 84' lang='lat' dir='ltr'><strong>lamina</strong></span> <span class='ocrx_word' id='word_1_151' title='bbox 870 2479 947 2516; x_wconf 81' lang='lat' dir='ltr'><strong>aurea</strong></span> <span class='ocrx_word' id='word_1_152' title='bbox 965 2466 990 2516; x_wconf 92' lang='lat' dir='ltr'><strong>in</strong></span> <span class='ocrx_word' id='word_1_153' title='bbox 1015 2469 1099 2517; x_wconf 83' lang='lat' dir='ltr'><strong>trente</strong></span> <span class='ocrx_word' id='word_1_154' title='bbox 1119 2468 1212 2518; x_wconf 88' lang='lat' dir='ltr'><strong>summi</strong></span> <span class='ocrx_word' id='word_1_155' title='bbox 1232 2472 1325 2519; x_wconf 85' lang='lat' dir='ltr'><strong>Sacer·</strong></span> 
     </span>
     <span class='ocr_line' id='line_1_20' title="bbox 206 2559 1321 2622; baseline 0 -14"><span class='ocrx_word' id='word_1_156' title='bbox 206 2562 275 2608; x_wconf 78' lang='lat' dir='ltr'><strong>detta</strong></span> <span class='ocrx_word' id='word_1_157' title='bbox 295 2573 344 2622; x_wconf 91' lang='lat' dir='ltr'><strong>per</strong></span> <span class='ocrx_word' id='word_1_158' title='bbox 361 2563 449 2606; x_wconf 79' lang='lat' dir='ltr'><strong>vittam</strong></span> <span class='ocrx_word' id='word_1_159' title='bbox 468 2559 657 2618; x_wconf 80' lang='lat' dir='ltr'><strong>hyacinthinam</strong></span> <span class='ocrx_word' id='word_1_160' title='bbox 678 2561 782 2620; x_wconf 73' lang='lat' dir='ltr'><strong>alligata</strong></span> <span class='ocrx_word' id='word_1_161' title='bbox 807 2563 833 2606; x_wconf 91' lang='lat' dir='ltr'><strong>in</strong></span> <span class='ocrx_word' id='word_1_162' title='bbox 852 2563 968 2620; x_wconf 69' lang='lat' dir='ltr'><strong>nigrum.</strong></span> <span class='ocrx_word' id='word_1_163' title='bbox 985 2562 1068 2619; x_wconf 89' lang='lat' dir='ltr'><strong>ipsum</strong></span> <span class='ocrx_word' id='word_1_164' title='bbox 1088 2567 1192 2622; x_wconf 86' lang='lat' dir='ltr'><strong>portare</strong></span> <span class='ocrx_word' id='word_1_165' title='bbox 1213 2577 1321 2622; x_wconf 88' lang='lat' dir='ltr'><strong>poenam</strong></span> 
     </span>
     <span class='ocr_line' id='line_1_21' title="bbox 207 2644 1322 2710; baseline -0.001 -12"><span class='ocrx_word' id='word_1_166' title='bbox 207 2665 314 2710; x_wconf 87' lang='lat' dir='ltr'><strong>eorum,</strong></span> <span class='ocrx_word' id='word_1_167' title='bbox 341 2663 406 2710; x_wconf 83' lang='lat' dir='ltr'><strong>quae</strong></span> <span class='ocrx_word' id='word_1_168' title='bbox 438 2644 573 2696; x_wconf 85' lang='lat' dir='ltr'><strong>israelitae</strong></span> <span class='ocrx_word' id='word_1_169' title='bbox 596 2653 621 2696; x_wconf 89' lang='lat' dir='ltr'><strong>in</strong></span> <span class='ocrx_word' id='word_1_170' title='bbox 650 2650 797 2696; x_wconf 85' lang='lat' dir='ltr'><strong>muneribus</strong></span> <span class='ocrx_word' id='word_1_171' title='bbox 824 2655 850 2697; x_wconf 91' lang='lat' dir='ltr'><strong>et</strong></span> <span class='ocrx_word' id='word_1_172' title='bbox 879 2651 990 2697; x_wconf 87' lang='lat' dir='ltr'><strong>donariis</strong></span> <span class='ocrx_word' id='word_1_173' title='bbox 1023 2650 1202 2710; x_wconf 78' lang='lat' dir='ltr'><strong>deliquissent.</strong></span> <span class='ocrx_word' id='word_1_174' title='bbox 1242 2654 1322 2699; x_wconf 80' lang='lat' dir='ltr'><strong>lixod.</strong></span> 
     </span>
     <span class='ocr_line' id='line_1_22' title="bbox 208 2738 1321 2801; baseline 0.001 -14"><span class='ocrx_word' id='word_1_175' title='bbox 208 2739 325 2796; x_wconf 76' lang='lat' dir='ltr'><strong>xxviii,</strong></span> <span class='ocrx_word' id='word_1_176' title='bbox 348 2741 463 2786; x_wconf 76' lang='lat' dir='ltr'><strong>ait—38.</strong></span> <span class='ocrx_word' id='word_1_177' title='bbox 501 2739 573 2785; x_wconf 80' lang='lat' dir='ltr'><strong>Actio</strong></span> <span class='ocrx_word' id='word_1_178' title='bbox 592 2738 730 2798; x_wconf 84' lang='lat' dir='ltr'><strong>symbolica</strong></span> <span class='ocrx_word' id='word_1_179' title='bbox 748 2753 840 2798; x_wconf 86' lang='lat' dir='ltr'><strong>reapse</strong></span> <span class='ocrx_word' id='word_1_180' title='bbox 861 2745 983 2800; x_wconf 86' lang='lat' dir='ltr'><strong>suscepta</strong></span> <span class='ocrx_word' id='word_1_181' title='bbox 996 2739 1092 2800; x_wconf 73' lang='lat' dir='ltr'><strong>legitur</strong></span> <span class='ocrx_word' id='word_1_182' title='bbox 1107 2742 1203 2788; x_wconf 74' lang='lat' dir='ltr'><strong>Erech.</strong></span> <span class='ocrx_word' id='word_1_183' title='bbox 1222 2743 1275 2801; x_wconf 83' lang='lat' dir='ltr'><strong>llll,</strong></span> <span class='ocrx_word' id='word_1_184' title='bbox 1297 2745 1321 2788; x_wconf 84' lang='grc'><strong>3.</strong></span> 
     </span>
     <span class='ocr_line' id='line_1_23' title="bbox 207 2824 1320 2890; baseline 0.001 -13"><span class='ocrx_word' id='word_1_185' title='bbox 207 2845 274 2890; x_wconf 65' lang='lat' dir='ltr'><strong>sqq„</strong></span> <span class='ocrx_word' id='word_1_186' title='bbox 295 2828 339 2876; x_wconf 88' lang='lat' dir='ltr'><strong>ubl</strong></span> <span class='ocrx_word' id='word_1_187' title='bbox 353 2829 484 2888; x_wconf 83' lang='lat' dir='ltr'><strong>Propheta</strong></span> <span class='ocrx_word' id='word_1_188' title='bbox 497 2824 589 2888; x_wconf 82' lang='lat' dir='ltr'><strong>jussus</strong></span> <span class='ocrx_word' id='word_1_189' title='bbox 609 2843 624 2876; x_wconf 92' lang='lat' dir='ltr'><strong>a</strong></span> <span class='ocrx_word' id='word_1_190' title='bbox 642 2831 742 2878; x_wconf 80' lang='lat' dir='ltr'><strong>debora</strong></span> <span class='ocrx_word' id='word_1_191' title='bbox 761 2831 891 2888; x_wconf 78' lang='lat' dir='ltr'><strong>egreditur</strong></span> <span class='ocrx_word' id='word_1_192' title='bbox 914 2843 1023 2889; x_wconf 83' lang='lat' dir='ltr'><strong>vespere</strong></span> <span class='ocrx_word' id='word_1_193' title='bbox 1042 2843 1089 2890; x_wconf 89' lang='lat' dir='ltr'><strong>per</strong></span> <span class='ocrx_word' id='word_1_194' title='bbox 1112 2833 1233 2890; x_wconf 86' lang='lat' dir='ltr'><strong>parietem</strong></span> <span class='ocrx_word' id='word_1_195' title='bbox 1260 2845 1320 2890; x_wconf 89' lang='lat' dir='ltr'><strong>per·</strong></span> 
     </span>
     <span class='ocr_line' id='line_1_24' title="bbox 206 2919 1327 2980; baseline 0 -13"><span class='ocrx_word' id='word_1_196' title='bbox 206 2923 326 2978; x_wconf 79' lang='lat' dir='ltr'><strong>rossum,</strong></span> <span class='ocrx_word' id='word_1_197' title='bbox 357 2926 383 2968; x_wconf 88' lang='lat' dir='ltr'><strong>et</strong></span> <span class='ocrx_word' id='word_1_198' title='bbox 403 2924 515 2968; x_wconf 88' lang='lat' dir='ltr'><strong>onustus</strong></span> <span class='ocrx_word' id='word_1_199' title='bbox 544 2922 613 2966; x_wconf 87' lang='lat' dir='ltr'><strong>vasis</strong></span> <span class='ocrx_word' id='word_1_200' title='bbox 634 2919 870 2978; x_wconf 76' lang='lat' dir='ltr'><strong>transmigrationis</strong></span> <span class='ocrx_word' id='word_1_201' title='bbox 892 2922 988 2966; x_wconf 82' lang='lat' dir='ltr'><strong>transit</strong></span> <span class='ocrx_word' id='word_1_202' title='bbox 1006 2933 1053 2979; x_wconf 90' lang='lat' dir='ltr'><strong>per</strong></span> <span class='ocrx_word' id='word_1_203' title='bbox 1071 2922 1191 2980; x_wconf 90' lang='lat' dir='ltr'><strong>populum</strong></span> <span class='ocrx_word' id='word_1_204' title='bbox 1210 2923 1242 2966; x_wconf 88' lang='lat' dir='ltr'><strong>ad</strong></span> <span class='ocrx_word' id='word_1_205' title='bbox 1262 2922 1327 2967; x_wconf 87' lang='lat' dir='ltr'><strong>indi-</strong></span> 
     </span>
    </p>

    <p class='ocr_par' dir='ltr' id='par_1_5' title="bbox 134 3006 1325 4422">
     <span class='ocr_line' id='line_1_25' title="bbox 134 3006 1323 3080; baseline 0.002 -24"><span class='ocrx_word' id='word_1_206' title='bbox 134 3067 137 3080; x_wconf 17' lang='lat'><em>*</em></span> <span class='ocrx_word' id='word_1_207' title='bbox 207 3011 315 3058; x_wconf 74' lang='lat' dir='ltr'><strong>canda·</strong></span> <span class='ocrx_word' id='word_1_208' title='bbox 335 3016 444 3065; x_wconf 86' lang='lat' dir='ltr'><strong>sortem,</strong></span> <span class='ocrx_word' id='word_1_209' title='bbox 473 3021 547 3068; x_wconf 87' lang='lat' dir='ltr'><strong>quam</strong></span> <span class='ocrx_word' id='word_1_210' title='bbox 566 3006 697 3054; x_wconf 88' lang='lat' dir='ltr'><strong>subiturus</strong></span> <span class='ocrx_word' id='word_1_211' title='bbox 727 3012 798 3056; x_wconf 87' lang='lat' dir='ltr'><strong>asset</strong></span> <span class='ocrx_word' id='word_1_212' title='bbox 823 3009 947 3056; x_wconf 83' lang='lat' dir='ltr'><strong>Sedecias</strong></span> <span class='ocrx_word' id='word_1_213' title='bbox 973 3022 1018 3055; x_wconf 86' lang='lat' dir='ltr'><strong>rex</strong></span> <span class='ocrx_word' id='word_1_214' title='bbox 1048 3021 1103 3055; x_wconf 90' lang='lat' dir='ltr'><strong>eum</strong></span> <span class='ocrx_word' id='word_1_215' title='bbox 1122 3011 1210 3056; x_wconf 87' lang='lat' dir='ltr'><strong>incolis</strong></span> <span class='ocrx_word' id='word_1_216' title='bbox 1231 3009 1323 3058; x_wconf 85' lang='lat' dir='ltr'><strong>illeru-</strong></span> 
     </span>
     <span class='ocr_line' id='line_1_26' title="bbox 207 3094 1324 3160; baseline -0.001 -13"><span class='ocrx_word' id='word_1_217' title='bbox 207 3103 372 3160; x_wconf 84' lang='lat' dir='ltr'><strong>aolymorum.</strong></span> <span class='ocrx_word' id='word_1_218' title='bbox 411 3101 485 3146; x_wconf 77' lang='lat' dir='ltr'><strong>Actio</strong></span> <span class='ocrx_word' id='word_1_219' title='bbox 499 3099 636 3158; x_wconf 84' lang='lat' dir='ltr'><strong>symbolica</strong></span> <span class='ocrx_word' id='word_1_220' title='bbox 649 3103 765 3153; x_wconf 77' lang='lat' dir='ltr'><strong>nemete,</strong></span> <span class='ocrx_word' id='word_1_221' title='bbox 785 3094 845 3157; x_wconf 80' lang='lat' dir='ltr'><strong>quin</strong></span> <span class='ocrx_word' id='word_1_222' title='bbox 859 3108 949 3146; x_wconf 86' lang='lat' dir='ltr'><strong>revera</strong></span> <span class='ocrx_word' id='word_1_223' title='bbox 963 3104 1086 3158; x_wconf 89' lang='lat' dir='ltr'><strong>suscepta</strong></span> <span class='ocrx_word' id='word_1_224' title='bbox 1098 3099 1195 3160; x_wconf 89' lang='lat' dir='ltr'><strong>iuarlt,</strong></span> <span class='ocrx_word' id='word_1_225' title='bbox 1212 3102 1324 3146; x_wconf 88' lang='lat' dir='ltr'><strong>occurrit</strong></span> 
     </span>
     <span class='ocr_line' id='line_1_27' title="bbox 209 3186 1325 3249; baseline -0.001 -11"><span class='ocrx_word' id='word_1_226' title='bbox 209 3193 305 3238; x_wconf 77' lang='lat' dir='ltr'><strong>ierem.</strong></span> <span class='ocrx_word' id='word_1_227' title='bbox 327 3187 401 3246; x_wconf 81' lang='lat' dir='ltr'><strong>XXV,</strong></span> <span class='ocrx_word' id='word_1_228' title='bbox 422 3190 463 3236; x_wconf 84' lang='lat'><strong>15.</strong></span> <span class='ocrx_word' id='word_1_229' title='bbox 484 3202 553 3249; x_wconf 65' lang='lat' dir='ltr'><strong>sqq„</strong></span> <span class='ocrx_word' id='word_1_230' title='bbox 572 3189 615 3236; x_wconf 90' lang='lat' dir='ltr'><strong>ubi</strong></span> <span class='ocrx_word' id='word_1_231' title='bbox 627 3196 755 3243; x_wconf 86' lang='lat' dir='ltr'><strong>narratur,</strong></span> <span class='ocrx_word' id='word_1_232' title='bbox 774 3186 929 3248; x_wconf 87' lang='lat' dir='ltr'><strong>Prophetam</strong></span> <span class='ocrx_word' id='word_1_233' title='bbox 943 3189 1077 3248; x_wconf 86' lang='lat' dir='ltr'><strong>accepisse</strong></span> <span class='ocrx_word' id='word_1_234' title='bbox 1091 3191 1122 3236; x_wconf 92' lang='lat' dir='ltr'><strong>de</strong></span> <span class='ocrx_word' id='word_1_235' title='bbox 1136 3203 1210 3236; x_wconf 88' lang='lat' dir='ltr'><strong>manu</strong></span> <span class='ocrx_word' id='word_1_236' title='bbox 1223 3189 1325 3238; x_wconf 84' lang='lat' dir='ltr'><strong>Domini</strong></span> 
     </span>
     <span class='ocr_line' id='line_1_28' title="bbox 208 3279 1324 3340; baseline -0.001 -12"><span class='ocrx_word' id='word_1_237' title='bbox 208 3282 316 3328; x_wconf 86' lang='lat' dir='ltr'><strong>calicem</strong></span> <span class='ocrx_word' id='word_1_238' title='bbox 335 3281 446 3334; x_wconf 81' lang='lat' dir='ltr'><strong>furoris,</strong></span> <span class='ocrx_word' id='word_1_239' title='bbox 467 3285 493 3326; x_wconf 91' lang='lat' dir='ltr'><strong>et</strong></span> <span class='ocrx_word' id='word_1_240' title='bbox 512 3282 667 3340; x_wconf 83' lang='lat' dir='ltr'><strong>propinasse</strong></span> <span class='ocrx_word' id='word_1_241' title='bbox 687 3279 881 3338; x_wconf 78' lang='lat' dir='ltr'><strong>Hierosolymis,</strong></span> <span class='ocrx_word' id='word_1_242' title='bbox 907 3279 1054 3325; x_wconf 86' lang='lat' dir='ltr'><strong>civitatibus</strong></span> <span class='ocrx_word' id='word_1_243' title='bbox 1079 3279 1158 3325; x_wconf 78' lang='lat' dir='ltr'><strong>dudae</strong></span> <span class='ocrx_word' id='word_1_244' title='bbox 1178 3284 1204 3326; x_wconf 88' lang='lat' dir='ltr'><strong>et</strong></span> <span class='ocrx_word' id='word_1_245' title='bbox 1225 3285 1324 3327; x_wconf 88' lang='lat' dir='ltr'><strong>eunetis</strong></span> 
     </span>
     <span class='ocr_line' id='line_1_29' title="bbox 208 3364 1322 3430; baseline 0.001 -13"><span class='ocrx_word' id='word_1_246' title='bbox 208 3371 313 3430; x_wconf 80' lang='lat' dir='ltr'><strong>regibus</strong></span> <span class='ocrx_word' id='word_1_247' title='bbox 333 3375 434 3428; x_wconf 65' lang='lat' dir='ltr'><strong>terrae,</strong></span> <span class='ocrx_word' id='word_1_248' title='bbox 453 3382 504 3428; x_wconf 83' lang='lat' dir='ltr'><strong>quo</strong></span> <span class='ocrx_word' id='word_1_249' title='bbox 524 3364 640 3428; x_wconf 89' lang='lat' dir='ltr'><strong>symbolo</strong></span> <span class='ocrx_word' id='word_1_250' title='bbox 659 3369 872 3416; x_wconf 81' lang='lat' dir='ltr'><strong>adumbrabantur</strong></span> <span class='ocrx_word' id='word_1_251' title='bbox 901 3369 1061 3430; x_wconf 80' lang='lat' dir='ltr'><strong>calamitates</strong></span> <span class='ocrx_word' id='word_1_252' title='bbox 1081 3370 1132 3415; x_wconf 88' lang='lat' dir='ltr'><strong>iliis</strong></span> <span class='ocrx_word' id='word_1_253' title='bbox 1155 3372 1322 3418; x_wconf 87' lang='lat' dir='ltr'><strong>imminentes.</strong></span> 
     </span>
     <span class='ocr_line' id='line_1_30' title="bbox 162 3455 1322 3522; baseline 0.001 -16"><span class='ocrx_word' id='word_1_254' title='bbox 162 3455 188 3522; x_wconf 75' lang='lat'><strong>²)</strong></span> <span class='ocrx_word' id='word_1_255' title='bbox 208 3463 246 3507; x_wconf 80' lang='lat' dir='ltr'><strong>Ad</strong></span> <span class='ocrx_word' id='word_1_256' title='bbox 263 3455 377 3518; x_wconf 87' lang='lat' dir='ltr'><strong>symbola</strong></span> <span class='ocrx_word' id='word_1_257' title='bbox 394 3461 526 3508; x_wconf 78' lang='lat' dir='ltr'><strong>historica</strong></span> <span class='ocrx_word' id='word_1_258' title='bbox 543 3462 655 3520; x_wconf 88' lang='lat' dir='ltr'><strong>pertinet</strong></span> <span class='ocrx_word' id='word_1_259' title='bbox 674 3460 817 3507; x_wconf 82' lang='lat' dir='ltr'><strong>celebratio</strong></span> <span class='ocrx_word' id='word_1_260' title='bbox 836 3459 979 3514; x_wconf 84' lang='lat' dir='ltr'><strong>Paschatis,</strong></span> <span class='ocrx_word' id='word_1_261' title='bbox 1000 3461 1032 3505; x_wconf 85' lang='lat' dir='ltr'><strong>ad</strong></span> <span class='ocrx_word' id='word_1_262' title='bbox 1051 3461 1214 3506; x_wconf 86' lang='lat' dir='ltr'><strong>recolendam</strong></span> <span class='ocrx_word' id='word_1_263' title='bbox 1226 3474 1322 3508; x_wconf 82' lang='lat' dir='ltr'><strong>memo·</strong></span> 
     </span>
     <span class='ocr_line' id='line_1_31' title="bbox 206 3549 1323 3610; baseline 0.001 -12"><span class='ocrx_word' id='word_1_264' title='bbox 206 3555 271 3598; x_wconf 88' lang='lat' dir='ltr'><strong>riam</strong></span> <span class='ocrx_word' id='word_1_265' title='bbox 285 3551 446 3598; x_wconf 87' lang='lat' dir='ltr'><strong>liberationis</strong></span> <span class='ocrx_word' id='word_1_266' title='bbox 461 3561 492 3598; x_wconf 82' lang='lat' dir='ltr'><strong>ex</strong></span> <span class='ocrx_word' id='word_1_267' title='bbox 503 3551 619 3610; x_wconf 75' lang='lat' dir='ltr'><strong>Aegypto</strong></span> <span class='ocrx_word' id='word_1_268' title='bbox 633 3555 660 3596; x_wconf 89' lang='lat' dir='ltr'><strong>et</strong></span> <span class='ocrx_word' id='word_1_269' title='bbox 673 3550 761 3598; x_wconf 88' lang='lat' dir='ltr'><strong>salutis</strong></span> <span class='ocrx_word' id='word_1_270' title='bbox 774 3549 1000 3608; x_wconf 72' lang='lat' dir='ltr'><strong>primogenitorum</strong></span> <span class='ocrx_word' id='word_1_271' title='bbox 1021 3551 1146 3604; x_wconf 89' lang='lat' dir='ltr'><strong>instituta,</strong></span> <span class='ocrx_word' id='word_1_272' title='bbox 1167 3552 1246 3598; x_wconf 69' lang='lat' dir='ltr'><strong>hired.</strong></span> <span class='ocrx_word' id='word_1_273' title='bbox 1263 3552 1323 3610; x_wconf 76' lang='lat' dir='ltr'><strong>xis..</strong></span> 
     </span>
     <span class='ocr_line' id='line_1_32' title="bbox 207 3637 1320 3700; baseline 0.002 -12"><span class='ocrx_word' id='word_1_274' title='bbox 207 3653 254 3688; x_wconf 89' lang='lat' dir='ltr'><strong>uec</strong></span> <span class='ocrx_word' id='word_1_275' title='bbox 273 3654 322 3688; x_wconf 89' lang='lat' dir='ltr'><strong>non</strong></span> <span class='ocrx_word' id='word_1_276' title='bbox 342 3641 434 3688; x_wconf 82' lang='lat' dir='ltr'><strong>testum</strong></span> <span class='ocrx_word' id='word_1_277' title='bbox 454 3642 699 3695; x_wconf 84' lang='lat' dir='ltr'><strong>tabernaculorum,</strong></span> <span class='ocrx_word' id='word_1_278' title='bbox 719 3653 769 3700; x_wconf 89' lang='lat' dir='ltr'><strong>qno</strong></span> <span class='ocrx_word' id='word_1_279' title='bbox 789 3639 901 3686; x_wconf 81' lang='lat' dir='ltr'><strong>Hebraei</strong></span> <span class='ocrx_word' id='word_1_280' title='bbox 917 3637 1020 3686; x_wconf 87' lang='lat' dir='ltr'><strong>octiduo</strong></span> <span class='ocrx_word' id='word_1_281' title='bbox 1038 3640 1202 3688; x_wconf 86' lang='lat' dir='ltr'><strong>tabernacula</strong></span> <span class='ocrx_word' id='word_1_282' title='bbox 1221 3644 1320 3690; x_wconf 86' lang='lat' dir='ltr'><strong>inhahi-</strong></span> 
     </span>
     <span class='ocr_line' id='line_1_33' title="bbox 207 3728 1320 3792; baseline 0.003 -14"><span class='ocrx_word' id='word_1_283' title='bbox 207 3737 266 3778; x_wconf 92' lang='lat' dir='ltr'><strong>tare</strong></span> <span class='ocrx_word' id='word_1_284' title='bbox 285 3732 455 3790; x_wconf 85' lang='lat' dir='ltr'><strong>tenebantur,</strong></span> <span class='ocrx_word' id='word_1_285' title='bbox 483 3731 510 3776; x_wconf 91' lang='lat' dir='ltr'><strong>in</strong></span> <span class='ocrx_word' id='word_1_286' title='bbox 538 3731 683 3777; x_wconf 89' lang='lat' dir='ltr'><strong>memoriam</strong></span> <span class='ocrx_word' id='word_1_287' title='bbox 708 3731 774 3776; x_wconf 92' lang='lat' dir='ltr'><strong>illins</strong></span> <span class='ocrx_word' id='word_1_288' title='bbox 802 3741 849 3789; x_wconf 92' lang='lat' dir='ltr'><strong>per</strong></span> <span class='ocrx_word' id='word_1_289' title='bbox 874 3728 991 3776; x_wconf 76' lang='lat' dir='ltr'><strong>Arabiam</strong></span> <span class='ocrx_word' id='word_1_290' title='bbox 1019 3731 1120 3778; x_wconf 86' lang='lat' dir='ltr'><strong>itineris</strong></span> <span class='ocrx_word' id='word_1_291' title='bbox 1141 3733 1320 3792; x_wconf 85' lang='lat' dir='ltr'><strong>introductum,</strong></span> 
     </span>
     <span class='ocr_line' id='line_1_34' title="bbox 208 3817 1324 3882; baseline 0.004 -14"><span class='ocrx_word' id='word_1_292' title='bbox 208 3825 234 3868; x_wconf 90' lang='lat' dir='ltr'><strong>in</strong></span> <span class='ocrx_word' id='word_1_293' title='bbox 254 3835 304 3882; x_wconf 88' lang='lat' dir='ltr'><strong>qno</strong></span> <span class='ocrx_word' id='word_1_294' title='bbox 325 3833 414 3868; x_wconf 87' lang='lat' dir='ltr'><strong>eornm</strong></span> <span class='ocrx_word' id='word_1_295' title='bbox 434 3826 523 3880; x_wconf 88' lang='lat' dir='ltr'><strong>patres</strong></span> <span class='ocrx_word' id='word_1_296' title='bbox 544 3823 618 3868; x_wconf 88' lang='lat' dir='ltr'><strong>etiam</strong></span> <span class='ocrx_word' id='word_1_297' title='bbox 639 3821 811 3866; x_wconf 84' lang='lat' dir='ltr'><strong>tabernaculis</strong></span> <span class='ocrx_word' id='word_1_298' title='bbox 826 3817 971 3866; x_wconf 86' lang='lat' dir='ltr'><strong>utebantur.</strong></span> <span class='ocrx_word' id='word_1_299' title='bbox 1011 3819 1094 3867; x_wconf 81' lang='lat' dir='ltr'><strong>havit.</strong></span> <span class='ocrx_word' id='word_1_300' title='bbox 1110 3821 1201 3878; x_wconf 68' lang='lat' dir='ltr'><strong>xxiii,</strong></span> <span class='ocrx_word' id='word_1_301' title='bbox 1224 3826 1266 3872; x_wconf 82' lang='lat' dir='ltr'><strong>i2.</strong></span> <span class='ocrx_word' id='word_1_302' title='bbox 1281 3827 1324 3874; x_wconf 80' lang='grc'><strong>13.</strong></span> 
     </span>
     <span class='ocr_line' id='line_1_35' title="bbox 209 3905 1319 3975; baseline 0.004 -17"><span class='ocrx_word' id='word_1_303' title='bbox 209 3913 351 3970; x_wconf 78' lang='lat' dir='ltr'><strong>Symbolum</strong></span> <span class='ocrx_word' id='word_1_304' title='bbox 371 3913 476 3958; x_wconf 85' lang='lat' dir='ltr'><strong>morule</strong></span> <span class='ocrx_word' id='word_1_305' title='bbox 495 3917 535 3957; x_wconf 87' lang='lat' dir='ltr'><strong>cst</strong></span> <span class='ocrx_word' id='word_1_306' title='bbox 552 3911 715 3956; x_wconf 88' lang='lat' dir='ltr'><strong>circumcisio</strong></span> <span class='ocrx_word' id='word_1_307' title='bbox 725 3910 798 3968; x_wconf 81' lang='lat' dir='ltr'><strong>juxta</strong></span> <span class='ocrx_word' id='word_1_308' title='bbox 810 3906 888 3955; x_wconf 86' lang='lat' dir='ltr'><strong>iilud:</strong></span> <span class='ocrx_word' id='word_1_309' title='bbox 910 3905 1117 3966; x_wconf 75' lang='lat' dir='ltr'><strong>,‚0ireumcidite</strong></span> <span class='ocrx_word' id='word_1_310' title='bbox 1135 3911 1220 3972; x_wconf 66' lang='lat' dir='ltr'><strong>icitur</strong></span> <span class='ocrx_word' id='word_1_311' title='bbox 1235 3927 1319 3975; x_wconf 80' lang='lat' dir='ltr'><strong>prae-</strong></span> 
     </span>
     <span class='ocr_line' id='line_1_36' title="bbox 207 3999 1323 4067; baseline 0.004 -18"><span class='ocrx_word' id='word_1_312' title='bbox 207 4001 310 4067; x_wconf 81' lang='lat' dir='ltr'><strong>patium</strong></span> <span class='ocrx_word' id='word_1_313' title='bbox 340 4002 432 4048; x_wconf 84' lang='lat' dir='ltr'><strong>cordis</strong></span> <span class='ocrx_word' id='word_1_314' title='bbox 459 4001 565 4059; x_wconf 80' lang='lat' dir='ltr'><strong>uestri,</strong></span> <span class='ocrx_word' id='word_1_315' title='bbox 596 4003 622 4046; x_wconf 88' lang='lat' dir='ltr'><strong>ct</strong></span> <span class='ocrx_word' id='word_1_316' title='bbox 647 3999 779 4046; x_wconf 81' lang='lat' dir='ltr'><strong>cervicem</strong></span> <span class='ocrx_word' id='word_1_317' title='bbox 807 4003 928 4047; x_wconf 66' lang='lat' dir='ltr'><strong>coemam</strong></span> <span class='ocrx_word' id='word_1_318' title='bbox 954 4014 988 4046; x_wconf 82' lang='lat' dir='ltr'><strong>nc</strong></span> <span class='ocrx_word' id='word_1_319' title='bbox 1012 4001 1150 4050; x_wconf 79' lang='lat' dir='ltr'><strong>induretis</strong></span> <span class='ocrx_word' id='word_1_320' title='bbox 1176 4001 1323 4065; x_wconf 78' lang='lat' dir='ltr'><strong>amplias,’&#39;</strong></span> 
     </span>
     <span class='ocr_line' id='line_1_37' title="bbox 206 4088 1321 4152; baseline 0.003 -12"><span class='ocrx_word' id='word_1_321' title='bbox 206 4095 282 4142; x_wconf 83' lang='lat' dir='ltr'><strong>Deut.</strong></span> <span class='ocrx_word' id='word_1_322' title='bbox 301 4093 341 4152; x_wconf 78' lang='lat' dir='ltr'><strong>X,</strong></span> <span class='ocrx_word' id='word_1_323' title='bbox 364 4092 406 4138; x_wconf 85' lang='grc'><strong>16.</strong></span> <span class='ocrx_word' id='word_1_324' title='bbox 426 4092 489 4138; x_wconf 88' lang='lat' dir='ltr'><strong>coll.</strong></span> <span class='ocrx_word' id='word_1_325' title='bbox 510 4092 572 4138; x_wconf 87' lang='lat' dir='ltr'><strong>ibid.</strong></span> <span class='ocrx_word' id='word_1_326' title='bbox 591 4090 673 4150; x_wconf 78' lang='lat' dir='ltr'><strong>XXX,</strong></span> <span class='ocrx_word' id='word_1_327' title='bbox 694 4093 719 4136; x_wconf 85' lang='lat' dir='ltr'><strong>c.</strong></span> <span class='ocrx_word' id='word_1_328' title='bbox 741 4088 839 4140; x_wconf 88' lang='lat' dir='ltr'><strong>Jerem.</strong></span> <span class='ocrx_word' id='word_1_329' title='bbox 853 4091 892 4146; x_wconf 86' lang='lat' dir='ltr'><strong>iv,</strong></span> <span class='ocrx_word' id='word_1_330' title='bbox 915 4091 940 4136; x_wconf 78' lang='lat' dir='ltr'><strong>i.</strong></span> <span class='ocrx_word' id='word_1_331' title='bbox 960 4089 1030 4138; x_wconf 83' lang='lat' dir='ltr'><strong>Rom.</strong></span> <span class='ocrx_word' id='word_1_332' title='bbox 1050 4092 1087 4147; x_wconf 93' lang='lat' dir='ltr'><strong>ll,</strong></span> <span class='ocrx_word' id='word_1_333' title='bbox 1107 4089 1152 4138; x_wconf 75' lang='grc'><strong>30.</strong></span> <span class='ocrx_word' id='word_1_334' title='bbox 1178 4091 1321 4152; x_wconf 82' lang='lat' dir='ltr'><strong>Symbolum</strong></span> 
     </span>
     <span class='ocr_line' id='line_1_38' title="bbox 207 4180 1321 4246; baseline 0.002 -14"><span class='ocrx_word' id='word_1_335' title='bbox 207 4183 365 4246; x_wconf 83' lang='lat' dir='ltr'><strong>simpliciter</strong></span> <span class='ocrx_word' id='word_1_336' title='bbox 389 4181 574 4244; x_wconf 78' lang='lat' dir='ltr'><strong>propheticum</strong></span> <span class='ocrx_word' id='word_1_337' title='bbox 601 4181 711 4226; x_wconf 87' lang='lat' dir='ltr'><strong>habetur</strong></span> <span class='ocrx_word' id='word_1_338' title='bbox 736 4181 832 4228; x_wconf 80' lang='lat' dir='ltr'><strong>Jeram.</strong></span> <span class='ocrx_word' id='word_1_339' title='bbox 857 4181 961 4240; x_wconf 82' lang='grc'><strong>11111111,</strong></span> <span class='ocrx_word' id='word_1_340' title='bbox 986 4184 1043 4226; x_wconf 92' lang='grc'><strong>1-</strong></span> <span class='ocrx_word' id='word_1_341' title='bbox 1058 4181 1109 4243; x_wconf 83' lang='grc'><strong>15.,</strong></span> <span class='ocrx_word' id='word_1_342' title='bbox 1129 4180 1173 4228; x_wconf 88' lang='lat' dir='ltr'><strong>ubi</strong></span> <span class='ocrx_word' id='word_1_343' title='bbox 1192 4184 1321 4243; x_wconf 82' lang='lat' dir='ltr'><strong>Propheta</strong></span> 
     </span>
     <span class='ocr_line' id='line_1_39' title="bbox 208 4269 1319 4332; baseline 0.003 -12"><span class='ocrx_word' id='word_1_344' title='bbox 208 4273 343 4320; x_wconf 77' lang='lat' dir='ltr'><strong>chaldaeis</strong></span> <span class='ocrx_word' id='word_1_345' title='bbox 363 4273 539 4329; x_wconf 85' lang='lat' dir='ltr'><strong>Hierosolyma</strong></span> <span class='ocrx_word' id='word_1_346' title='bbox 568 4269 746 4316; x_wconf 86' lang='lat' dir='ltr'><strong>obsidentibus</strong></span> <span class='ocrx_word' id='word_1_347' title='bbox 766 4269 853 4315; x_wconf 82' lang='lat' dir='ltr'><strong>divino</strong></span> <span class='ocrx_word' id='word_1_348' title='bbox 876 4269 1000 4316; x_wconf 88' lang='lat' dir='ltr'><strong>instinctu</strong></span> <span class='ocrx_word' id='word_1_349' title='bbox 1019 4273 1079 4318; x_wconf 91' lang='lat' dir='ltr'><strong>emit</strong></span> <span class='ocrx_word' id='word_1_350' title='bbox 1098 4280 1196 4332; x_wconf 77' lang='lat' dir='ltr'><strong>agrum,</strong></span> <span class='ocrx_word' id='word_1_351' title='bbox 1217 4279 1319 4323; x_wconf 85' lang='lat' dir='ltr'><strong>actione</strong></span> 
     </span>
     <span class='ocr_line' id='line_1_40' title="bbox 209 4359 1317 4422; baseline 0.001 -12"><span class='ocrx_word' id='word_1_352' title='bbox 209 4365 257 4412; x_wconf 89' lang='lat' dir='ltr'><strong>hac</strong></span> <span class='ocrx_word' id='word_1_353' title='bbox 287 4362 428 4420; x_wconf 84' lang='lat' dir='ltr'><strong>symbolica</strong></span> <span class='ocrx_word' id='word_1_354' title='bbox 455 4362 571 4407; x_wconf 86' lang='lat' dir='ltr'><strong>indicans</strong></span> <span class='ocrx_word' id='word_1_355' title='bbox 591 4361 662 4408; x_wconf 87' lang='lat' dir='ltr'><strong>iore.</strong></span> <span class='ocrx_word' id='word_1_356' title='bbox 692 4360 720 4404; x_wconf 90' lang='lat' dir='ltr'><strong>nt</strong></span> <span class='ocrx_word' id='word_1_357' title='bbox 744 4359 835 4405; x_wconf 77' lang='lat' dir='ltr'><strong>ludaei</strong></span> <span class='ocrx_word' id='word_1_358' title='bbox 863 4359 888 4404; x_wconf 92' lang='lat' dir='ltr'><strong>in</strong></span> <span class='ocrx_word' id='word_1_359' title='bbox 915 4360 1018 4406; x_wconf 81' lang='lat' dir='ltr'><strong>exilium</strong></span> <span class='ocrx_word' id='word_1_360' title='bbox 1043 4361 1145 4406; x_wconf 75' lang='lat' dir='ltr'><strong>abdnmi</strong></span> <span class='ocrx_word' id='word_1_361' title='bbox 1165 4363 1190 4406; x_wconf 89' lang='lat' dir='ltr'><strong>ln</strong></span> <span class='ocrx_word' id='word_1_362' title='bbox 1210 4368 1317 4422; x_wconf 86' lang='lat' dir='ltr'><strong>patriam</strong></span> 
     </span>
    </p>
   </div>
   <div class='ocr_carea' id='block_1_4' title="bbox 208 4447 1415 4512">
    <p class='ocr_par' dir='ltr' id='par_1_6' title="bbox 208 4447 1415 4512">
     <span class='ocr_line' id='line_1_41' title="bbox 208 4447 1415 4512; baseline -0.003 -13"><span class='ocrx_word' id='word_1_363' title='bbox 208 4455 325 4499; x_wconf 90' lang='lat' dir='ltr'><strong>redeant.</strong></span> <span class='ocrx_word' id='word_1_364' title='bbox 363 4453 401 4496; x_wconf 83' lang='lat' dir='ltr'><strong>ad</strong></span> <span class='ocrx_word' id='word_1_365' title='bbox 420 4451 535 4509; x_wconf 85' lang='lat' dir='ltr'><strong>symbola</strong></span> <span class='ocrx_word' id='word_1_366' title='bbox 554 4459 614 4496; x_wconf 87' lang='lat' dir='ltr'><strong>vero</strong></span> <span class='ocrx_word' id='word_1_367' title='bbox 633 4447 791 4510; x_wconf 81' lang='lat' dir='ltr'><strong>prophetica</strong></span> <span class='ocrx_word' id='word_1_368' title='bbox 818 4463 870 4511; x_wconf 84' lang='lat' dir='ltr'><strong>per</strong></span> <span class='ocrx_word' id='word_1_369' title='bbox 896 4449 1064 4496; x_wconf 80' lang='lat' dir='ltr'><strong>eminentiam</strong></span> <span class='ocrx_word' id='word_1_370' title='bbox 1083 4450 1219 4498; x_wconf 79' lang='lat' dir='ltr'><strong>raterimns</strong></span> <span class='ocrx_word' id='word_1_371' title='bbox 1245 4460 1318 4512; x_wconf 72' lang='lat' dir='ltr'><strong>typos</strong></span> <span class='ocrx_word' id='word_1_372' title='bbox 1413 4466 1415 4470; x_wconf 94' lang='lat'>·</span> 
     </span>
    </p>
   </div>
   <div class='ocr_carea' id='block_1_5' title="bbox 208 4539 1318 4679">
    <p class='ocr_par' dir='ltr' id='par_1_7' title="bbox 208 4539 1318 4679">
     <span class='ocr_line' id='line_1_42' title="bbox 208 4539 1318 4602; baseline -0.002 -15"><span class='ocrx_word' id='word_1_373' title='bbox 208 4545 240 4588; x_wconf 85' lang='lat' dir='ltr'><strong>ad</strong></span> <span class='ocrx_word' id='word_1_374' title='bbox 258 4543 377 4588; x_wconf 80' lang='lat' dir='ltr'><strong>Messium</strong></span> <span class='ocrx_word' id='word_1_375' title='bbox 395 4541 500 4600; x_wconf 85' lang='lat' dir='ltr'><strong>ejusque</strong></span> <span class='ocrx_word' id='word_1_376' title='bbox 518 4553 624 4598; x_wconf 72' lang='lat' dir='ltr'><strong>regnum</strong></span> <span class='ocrx_word' id='word_1_377' title='bbox 643 4541 800 4598; x_wconf 85' lang='lat' dir='ltr'><strong>spectantes,</strong></span> <span class='ocrx_word' id='word_1_378' title='bbox 820 4553 885 4599; x_wconf 86' lang='lat' dir='ltr'><strong>qnos</strong></span> <span class='ocrx_word' id='word_1_379' title='bbox 903 4539 1095 4598; x_wconf 77' lang='lat' dir='ltr'><strong>supras.191.</strong></span> <span class='ocrx_word' id='word_1_380' title='bbox 1114 4545 1166 4588; x_wconf 87' lang='lat' dir='ltr'><strong>not.</strong></span> <span class='ocrx_word' id='word_1_381' title='bbox 1181 4544 1206 4588; x_wconf 87' lang='grc'><strong>3.</strong></span> <span class='ocrx_word' id='word_1_382' title='bbox 1221 4544 1243 4602; x_wconf 76' lang='grc' dir='ltr'><strong>ς.</strong></span> <span class='ocrx_word' id='word_1_383' title='bbox 1258 4549 1318 4591; x_wconf 80' lang='lat' dir='ltr'><strong>roa.</strong></span> 
     </span>
     <span class='ocr_line' id='line_1_43' title="bbox 209 4631 532 4679; baseline -0.006 -1"><span class='ocrx_word' id='word_1_384' title='bbox 209 4641 260 4679; x_wconf 88' lang='lat' dir='ltr'><strong>not.</strong></span> <span class='ocrx_word' id='word_1_385' title='bbox 281 4636 306 4678; x_wconf 85' lang='lat' dir='ltr'><strong>o.</strong></span> <span class='ocrx_word' id='word_1_386' title='bbox 329 4634 354 4676; x_wconf 78' lang='lat'><strong>7.</strong></span> <span class='ocrx_word' id='word_1_387' title='bbox 375 4631 532 4676; x_wconf 79' lang='lat' dir='ltr'><strong>adduximus.</strong></span> 
     </span>
    </p>
   </div>
   <div class='ocr_carea' id='block_1_6' title="bbox 1039 4727 1142 4804">
    <p class='ocr_par' dir='ltr' id='par_1_8' title="bbox 1039 4727 1142 4804">
     <span class='ocr_line' id='line_1_44' title="bbox 1039 4727 1142 4804; baseline 0.01 -22"><span class='ocrx_word' id='word_1_388' title='bbox 1039 4727 1142 4804; x_wconf 51' lang='lat' dir='ltr'><strong>rc«-¹</strong></span> 
     </span>
    </p>
   </div>
   <div class='ocr_carea' id='block_1_7' title="bbox 0 0 1567 5284">
    <p class='ocr_par' dir='ltr' id='par_1_9' title="bbox 0 0 1567 5284">
     <span class='ocr_line' id='line_1_45' title="bbox 0 0 1567 5284; baseline 0 0"><span class='ocrx_word' id='word_1_389' title='bbox 0 0 1567 5284; x_wconf 95' lang='lat' dir='ltr'><strong> </strong></span> 
     </span>
    </p>
   </div>
  </div>
 </body>
</html>
