3118 5282
697 657 722 723 §-
743 657 799 721 2³7.

417 798 437 850 1.
458 797 749 853 cA'rflomcortUm
768 795 1088 876 ΙΝΊῈΒΡΒΕΊἊΉΟ.ἲ

241 945 333 1008 Licet
361 943 519 1009 Catholici
547 946 656 1008 normt
679 946 922 1028 interpretandi,
953 967 1043 1030 qnam
1067 946 1241 1010 Concilium
1265 947 1341 1010 'rri-

144 1053 307 1119 dentinum
335 1074 372 1117 ex
398 1055 598 1137 antiquorum
623 1055 750 1118 Petrum
779 1053 924 1118 doctrina
951 1059 983 1116 et
1007 1055 1154 1118 continua
1179 1055 1339 1120 Ecclesiae

144 1162 238 1246 praxi
263 1161 433 1225 derivatam
455 1181 602 1244 expressa
625 1158 807 1226 delinitione
833 1163 1099 1246 praescripserat,
1123 1164 1172 1226 usi
1196 1165 1228 1228 in
1244 1165 1338 1228 rebus

144 1267 223 1334 fidei
252 1275 284 1334 et
312 1291 432 1333 morem
454 1271 492 1332 ab
515 1270 659 1334 omnibus
686 1271 847 1334 erroribus
869 1271 1062 1354 praeservati
1079 1291 1115 1334 ac
1132 1271 1282 1354 peculiari
1298 1275 1337 1336 ad

148 1397 274 1441 sensnm
291 1379 457 1463 genuinum
473 1379 689 1442 inveniendum
706 1379 821 1442 auxilio
838 1379 950 1441 muniti
971 1380 1104 1462 inerint,
1129 1379 1266 1465 longiori
1286 1386 1337 1443 ta·

144 1507 217 1550 men
244 1489 344 1551 adbuc
371 1495 514 1570 tempore
540 1488 681 1550 deiectus
709 1487 912 1571 perfectioris
948 1488 1136 1572 cognitionis
1162 1489 1337 1575 linguarum

145 1593 349 1674 biblicarum,
375 1594 453 1658 artis
479 1594 628 1672 criticae,
653 1615 711 1656 nec
739 1615 801 1656 non
823 1594 1061 1680 arebaeologiae
1086 1616 1143 1660 eos
1162 1595 1334 1681 impedivit,

147 1723 210 1785 quo
227 1702 327 1764 minus
344 1701 455 1765 melius
470 1701 502 1764 in
526 1700 714 1784 exponendis
737 1702 836 1764 sacris
862 1702 964 1766 literis
980 1703 1200 1786 procederent.
1247 1704 1335 1768 llaud

147 1809 242 1874 dubie
258 1810 351 1873 etiam
368 1811 472 1874 studia
487 1809 656 1892 polemica,
673 1831 752 1894 quae
770 1811 809 1874 ob
827 1811 969 1874 crebrius
984 1811 1174 1894 pullulantes
1190 1811 1338 1876 haereses

145 1919 231 1982 iuter
253 1919 421 2004 theologos
443 1917 537 1981 medii
554 1919 621 1982 aevi
649 1920 777 1982 multum
794 1919 1003 2002 invaluerant,
1029 1927 1061 1984 et
1075 1921 1200 1984 uenatio
1217 1921 1337 2006 allego-

143 2027 279 2105 riarum,
304 2045 381 2110 quas
398 2029 505 2091 eadem
522 2027 652 2108 periodo
670 2027 811 2110 inprimis
838 2029 1055 2091 adornaverant
1070 2025 1116 2113 ²),
1141 2029 1259 2091 diutius
1281 2031 1338 2091 ad-

143 2137 206 2198 buc
221 2134 283 2196 vim
299 2154 387 2198 suam
403 2140 632 2213 exercuerunt,
656 2139 691 2198 ut
707 2135 801 2200 simul
817 2134 958 2218 proficuo
976 2155 1001 2198 s.
1020 2137 1205 2218 Scripturas
1229 2137 1337 2201 studio

145 2264 182 2306 ac
199 2243 339 2306 melioris
356 2243 628 2326 interpretationis
651 2244 837 2329 progressui
856 2244 1013 2308 obessent.

235 2353 434 2416 Restauratis
464 2373 540 2416 vero
569 2353 704 2436 primum
730 2353 762 2415 in
792 2354 895 2434 ltalia,
921 2359 952 2416 et
974 2353 1046 2417 inde
1068 2375 1085 2417 a
1107 2355 1338 2437 posterioribus

145 2463 264 2526 saeculi
280 2461 346 2524 xv.'
363 2461 452 2525 annis
477 2463 570 2526 etiam
590 2462 622 2524 in
638 2462 716 2524 alias
733 2461 877 2546 Europae
902 2463 1047 2547 regiones
1063 2462 1245 2547 propagatis
1261 2463 1335 2526 lite-

143 2589 249 2634 rarum
266 2569 478 2652 antiquarum,
505 2590 688 2654 graecarum
715 2574 748 2630 et
774 2570 939 2634 latinarum
961 2570 1073 2632 studiis
1101 2571 1215 2633 sensim
1241 2571 1333 2633 etiam

144 2679 321 2764 linguarum
338 2677 524 2740 biblicarum
540 2677 694 2759 studium,
720 2680 803 2761 quod
820 2677 922 2742 eximii
940 2679 1175 2741 Catholicorum
1191 2678 1251 2740 viri
1272 2677 1338 2758 jam

145 2793 218 2851 ante
240 2785 493 2850 reformationem
521 2793 797 2868 praeparaverant,
836 2787 1035 2850 efflorescere
1060 2791 1091 2849 et
1113 2787 1152 2848 ad
1174 2806 1332 2868 exponen·

146 2897 216 2957 dam
244 2915 270 2958 s.
300 2893 497 2975 Scripturam
520 2893 662 2956 adbiberi
690 2892 850 2980 coepit2).
898 2893 1012 2977 Aliquo
1037 2893 1129 2956 modo
1150 2893 1336 2979 linguarum,

147 3007 405 3085 caeterorumque
426 3000 633 3065 accuratioris
649 3002 854 3085 expositionis
871 3001 1128 3064 adminiculorum
1150 3005 1335 3083 perscruta-

145 3111 264 3174 tionem
279 3112 390 3174 Patres
407 3129 532 3193 quoque
548 3109 725 3172 Tridentini
750 3111 941 3189 excitarunt,
966 3113 1036 3173 dum
1058 3109 1233 3172 versionem
1258 3109 1337 3171 Vul-

145 3225 248 3304 gatam
265 3219 409 3300 latinam,
434 3217 523 3300 cujus
540 3203 760 3282 auctoritatem
779 3220 995 3282 protestantes
1020 3218 1149 3280 minoris
1169 3218 1336 3298 habebant,

145 3327 176 3389 in
192 3327 287 3390 rebus
303 3323 377 3388 fidei
394 3331 427 3390 et
442 3347 563 3390 morum
579 3327 702 3408 quidem
719 3327 928 3390 authenticam
944 3313 1149 3408 declararent,
1175 3329 1332 3393 caeterum

144 3456 220 3499 vero
238 3435 474 3519 corrigendam,
499 3439 531 3498 et
552 3441 699 3516 quantum
723 3434 792 3500 lieri
814 3441 940 3518 posset,
965 3433 1158 3498 emendatius
1184 3435 1335 3506 edendam

146 3545 353 3606 decernerent
366 3541 409 3628 ⁸).

236 3651 303 3714 Nec
331 3649 584 3714 dissimulandum
607 3656 671 3730 est,
696 3655 927 3717 controversias
953 3673 1092 3734 quoque,
1116 3671 1195 3733 quae
1213 3650 1333 3713 Catho-

144 3759 216 3822 licis
246 3779 314 3822 cum
329 3759 584 3822 protestantibus
612 3765 719 3842 erant,
745 3763 782 3824 ad
800 3753 1024 3844 expositionem
1040 3761 1185 3824 biblicam
1203 3759 1335 3843 diligen-

144 3867 210 3930 tins
228 3865 924 3950 excolendamperficiendamquecontulisse.
958 3871 1035 3935 Cum
1053 3869 1132 3942 enim
1149 3871 1334 3932 Protestan-

145 3983 213 4059 tes,
237 3977 333 4059 quis.
351 3977 548 4059 Scripturam
566 3975 686 4042 unicam
701 3975 775 4042 fidei
799 3985 829 4042 et
844 4001 964 4044 morum
987 4001 1125 4044 normam
1147 3979 1333 4052 statuerant,

145 4084 298 4168 imprimis
315 4085 446 4148 solliciti
461 4091 567 4149 essent
583 4088 622 4148 de
634 4085 805 4166 universis,
830 4109 908 4170 quae
931 4090 968 4151 ad
990 4089 1075 4151 illins
1092 4083 1334 4150 illustrationem

146 4193 264 4275 aliquid
280 4193 474 4277 conferrent,
499 4194 714 4274 adminiculis,
740 4201 771 4258 et
789 4197 900 4262 multas
926 4195 1203 4278 interpretationes
1225 4209 1333 4266 novas,

146 4301 307 4366 doctrinae
335 4301 507 4364 catholicae
540 4301 701 4383 oppositas
723 4301 759 4363 'in
788 4305 922 4368 medinm
951 4305 1147 4387 proterrent,
1186 4295 1332 4380 prolecto

146 4407 239 4472 etiam
256 4409 413 4472 Catholici
425 4409 604 4471 necessaria
620 4401 725 4472 rectae
742 4415 773 4472 et
789 4417 953 4475 accuratae
965 4397 1239 4492 interpretationis
1257 4404 1332 4466 snb-

147 4517 226 4580 sidia
242 4517 302 4580 sibi
319 4538 516 4599 comparare,
542 4523 573 4579 et
589 4509 723 4601 genuino
741 4536 767 4578 s.
785 4517 968 4602 scripturae
985 4517 1106 4595 sensui,
1129 4512 1247 4578 literali
1272 4512 1332 4573 im-

146 4623 271 4708 primis,
302 4646 363 4709 quo
388 4625 456 4687 solo
480 4629 589 4688 contra
612 4627 829 4688 Protestsntes
856 4629 1005 4690 utendum
1032 4632 1117 4703 erat,
1142 4639 1249 4684 eorum
1273 4638 1332 4700 ope
1408 4618 1413 4624 ’
