3190 5290
1290 417 1342 498 lb

166 593 297 681 emptor
313 593 366 680 qui
380 614 442 660 non
458 591 520 658 nisi
536 595 622 660 imao
639 599 704 678 est,
720 599 756 661 ut
778 613 804 662 s.
821 595 1006 684 scripturae
1020 597 1102 664 idem
1122 611 1255 682 prorsus
1276 613 1351 664 sen·

168 721 223 767 sus
245 703 419 785 tribuatur,
442 723 533 790 quem
554 701 762 793 balgiograplri
784 705 847 791 ipsi
868 705 1087 792 subjecerunt,
1106 711 1173 773 tum
1201 727 1248 773 aa·
1273 711 1351 794 ipen

166 832 295 895 norma,
312 815 351 877 ad
367 834 458 898 qnam
475 814 577 878 oratio
593 811 710 879 biblica
724 816 859 881 formata
874 823 933 882 est.

256 923 290 985 2.
313 918 385 986 Nun
401 921 502 986 minus
523 917 585 986 hoc
605 923 796 1009 principium
817 924 1040 1010 adaequatum
1063 943 1133 990 esse
1154 919 1351 1016 intelligitur,

167 1031 252 1118 quod
268 1029 351 1095 amni
368 1036 402 1096 et
417 1029 478 1096 soli
494 1027 754 1100 liermeneuticac
769 1031 905 1100 biblicae
921 1034 1097 1100 conveniat.
1119 1031 1241 1100 Etenim
1257 1051 1354 1120 quae·

167 1155 299 1226 cumque
321 1145 427 1205 extant
443 1139 583 1206 subsidia
604 1141 644 1206 ad
665 1161 791 1208 sensum
814 1165 831 1208 c
853 1159 879 1207 s.
897 1139 1063 1228 Scriptura
1079 1143 1249 1209 eruendum
1271 1147 1354 1226 apta,

167 1273 205 1316 cx
221 1249 700 1318 consideratarationenotiones
712 1248 957 1318 communicandi
966 1249 1047 1335 apud
1055 1269 1164 1316 saurus
1172 1247 1355 1336 Scripturas

167 1359 258 1425 obvia
273 1357 339 1424 sive
355 1359 510 1425 communi
527 1361 592 1426 sire
608 1359 761 1446 peculiari
782 1368 982 1446 promanant3
1005 1379 1084 1446 qnae
1098 1377 1173 1426 raro
1198 1379 1235 1425 ex
1250 1358 1355 1426 indole

164 1467 259 1552 hujus
276 1467 501 1555 cogitationum
520 1469 700 1535 commercii
723 1469 860 1536 derivari
877 1475 1051 1555 nequeunt,
1075 1487 1176 1555 neque
1199 1465 1237 1534 ad
1261 1485 1354 1552 prae·

167 1583 260 1660 cepta
274 1575 533 1642 tiermeneuticac
549 1574 683 1643 biblicae
698 1579 813 1645 rcierri
828 1583 973 1662 possunt.

256 1687 288 1751 d.
312 1685 369 1749 Est
385 1691 613 1751 necessarium
628 1693 740 1772 utpote
757 1707 794 1752 ex
810 1691 922 1750 natura
936 1683 985 1749 rei
998 1685 1181 1764 demnatum,
1200 1705 1269 1748 cum
1282 1703 1354 1748 scn-

165 1813 234 1860 snm
250 1815 269 1859 e
284 1813 310 1859 s.
326 1795 494 1878 Scriptum
510 1813 621 1860 eruere
631 1795 743 1879 jubeat
766 1796 964 1879 respiciendo
981 1816 1043 1858 non
1059 1793 1160 1858 minue
1175 1796 1215 1858 ad
1229 1794 1356 1858 uniuer-

166 1905 249 1969 sales
265 1903 426 1992 cogitandi
442 1909 473 1968 et
488 1903 637 1990 loquendi
659 1905 762 1992 leges,
793 1923 883 1992 quam
899 1907 938 1968 ad
954 1903 1119 1987 speciales,
1134 1908 1355 1986 promerentes

166 2037 204 2080 ex
219 2013 449 2079 interventione
460 2013 573 2098 divina,
590 2035 682 2100 aqua
698 2020 846 2080 auctores
863 2015 946 2078 sacri
963 2012 1148 2098 pendebant,
1166 2031 1235 2076 cnm
1252 2011 1355 2097 scrip-

166 2131 199 2188 ta
215 2144 272 2188 sua
288 2123 518 2187 elucubrarent.

256 2234 288 2298 4.
312 2233 389 2296 lade
405 2232 499 2296 simul
515 2237 619 2317 putet,
641 2233 769 2298 allatum
791 2233 979 2317 principium
995 2233 1089 2300 etiarn
1100 2236 1198 2320 justa
1217 2237 1353 2318 perrpt-

163 2342 283 2408 ccitete
299 2347 332 2405 et
345 2359 455 2425 pruno
471 2346 695 2426 applicatione
711 2343 932 2406 commendari.
947 2342 1122 2429 Nemleges
1137 2342 1354 2410 illaeuaiuer·

162 2455 265 2535 sales,
283 2469 359 2536 quas
375 2457 517 2516 nostrum
533 2452 720 2536 principium
736 2452 903 2536 interpreti
919 2451 1118 2536 praescribit,
1135 2457 1355 2538 praeterquam

164 2563 249 2648 quod
264 2565 394 2624 naturae
417 2565 450 2624 ct
470 2581 563 2626 sanae
584 2561 702 2626 rationi
719 2563 797 2626 adeo
826 2561 952 2644 perviae
981 2567 1069 2645 sunt,
1099 2565 1134 2626 ut
1157 2561 1248 2626 uobis
1265 2563 1355 2648 quasi
1398 2561 1400 2567 ’

163 2691 221 2754 par
244 2689 278 2732 se
302 2668 509 2750 innotescant,
532 2673 563 2733 et
589 2669 623 2732 in
638 2669 774 2736 lectione
793 2669 996 2738 classicorum
1022 2670 1112 2734 nobis
1129 2671 1219 2756 quasi
1245 2671 1354 2736 insciis

164 2780 347 2863 praesentes
360 2795 430 2840 essa
443 2777 576 2858 soleant,
588 2784 708 2863 partem
720 2774 843 2864 logicae
854 2777 1028 2862 applicatae
1041 2779 1252 2863 constituunt3
1267 2781 1355 2866 leges

164 2909 239 2954 vero
255 2887 444 2972 peculiares
466 2885 605 2967 cuilibet,
629 2885 684 2973 qui
701 2885 820 2970 justam
836 2890 874 2952 de
890 2888 993 2953 divina
1014 2907 1040 2953 s.
1058 2889 1187 2954 Codicis
1202 2889 1354 2977 dignitate

164 2997 324 3062 notionem
340 3001 438 3078 tenet,
457 2995 542 3061 ultro
559 3016 594 3059 se
611 2993 758 3060 offerunt.

254 3109 285 3173 5.
308 3103 449 3191 Denique
471 3103 659 3192 principium
687 3111 830 3170 nostrum
858 3127 920 3170 non
954 3105 1056 3171 solum
1082 3112 1269 3194 materiale,
1297 3113 1353 3175 sed

164 3215 257 3280 etiam
274 3217 416 3302 formale
437 3222 503 3296 est3
526 3217 620 3280 (locet
638 3216 719 3280 enim
740 3235 803 3278 non
819 3215 920 3280 solum
946 3216 1020 3301 quid
1048 3218 1215 3305 interpreti
1235 3219 1351 3285 biblico

163 3325 206 3392 sit
221 3325 428 3412 propositum,
445 3325 502 3392 sed
518 3325 612 3391 etiam
629 3345 691 3411 qua
704 3325 828 3390 ratione
843 3325 947 3410 pessit
963 3328 1124 3414 consequi.

503 3503 1012 3577 §.ttemmeertusmlrusrartua

254 3653 300 3718 lix
323 3651 418 3718 allato
437 3651 502 3738 jam
526 3655 683 3740 principio
707 3661 802 3741 atque
825 3653 950 3720 firmato
968 3655 1061 3720 iacile
1086 3657 1148 3722 crit
1171 3657 1352 3743 decernere,

162 3769 268 3828 utrum
290 3783 402 3828 sensus
424 3763 539 3850 aliquis
562 3765 604 3829 sit
621 3777 832 3846 censueras,
857 3785 896 3830 an
917 3777 1005 3832 certe
1022 3769 1145 3852 falsos,
1169 3789 1207 3832 an
1222 3771 1355 3852 dubius,

164 3895 237 3938 num
261 3875 454 3958 probabilis,
479 3895 517 3937 au
540 3878 776 3961 improbabilis.
809 3875 930 3956 Quodsi
947 3875 1027 3942 euim
1050 3878 1225 3963 quaesitum
1243 3879 1354 3965 Serip-

163 3988 255 4047 tnrae
271 4003 396 4048 sensum
412 3985 568 4068 respectis
585 3985 814 4050 universalibus
830 3985 893 4050 iilis
916 3989 1010 4072 atque
1031 3987 1243 4071 peculiaribus
1258 4011 1353 4074 prac-

164 4091 277 4188 eeptis,
302 4091 414 4177 quibus
436 4093 568 4179 loquens
589 4094 621 4158 in
638 4095 901 4160 communicandis
919 4095 1111 4182 cogitatibus
1127 4097 1193 4161 suis
1213 4103 1351 4181 tenetur,

163 4203 255 4288 plane
278 4205 517 4269 determinatum
541 4225 610 4270 esse
625 4205 881 4288 intellexerimus,
905 4207 949 4272 ita
965 4211 1001 4271 ut
1016 4207 1144 4294 liqueat,
1169 4208 1244 4293 qnid
1262 4210 1352 4274 volu·

166 4313 227 4376 crit
242 4312 296 4376 ille
313 4317 367 4377 aut
386 4335 448 4378 noo
463 4313 600 4380 voluerit
622 4339 691 4382 cnm
707 4317 777 4381 aliis
794 4317 936 4383 oratione
960 4317 1200 4399 communicare,
1226 4335 1352 4382 sensum

166 4441 236 4487 esse
252 4431 376 4498 certum
390 4421 532 4488 dicimus.
556 4423 686 4505 Quando
703 4445 778 4489 vero
795 4445 906 4492 seusus
919 4427 1099 4512 exploratus
1115 4425 1242 4491 illorum
1257 4447 1350 4512 prae·

166 4535 328 4616 ceptorum
343 4531 398 4595 uui
413 4537 466 4596 aut
481 4531 623 4617 pluribus
638 4535 728 4618 plane
745 4536 1003 4623 correspondet,
1020 4539 1074 4600 aut
1087 4533 1280 4619 probabilius
1295 4551 1350 4597 re-

165 4645 292 4728 pugnat,
308 4644 362 4706 aut
377 4640 532 4722 nescitur,
554 4665 626 4708 num
641 4639 712 4730 plus
727 4643 866 4710 minusue
884 4645 1000 4712 eisdem
1017 4643 1190 4722 conueniat,
1224 4647 1277 4706 aut
1293 4639 1349 4706 de·
