3112 5284
251 423 329 500 258

247 602 303 664 dio
320 603 521 666 clarissimis
543 602 656 665 cerdis
682 595 914 684 dirimatur),
950 617 1012 680 quo
1036 593 1092 662 liat
1114 616 1244 662 neccsse
1266 603 1333 680 est,
1357 604 1391 660 ut
1415 617 1431 662 a

248 710 383 774 veritate
405 728 559 790 nunquam
581 705 728 786 deficiat,
752 705 828 770 lieet
850 706 1021 770 adremarii
1046 711 1159 770 contra
1179 706 1277 789 ipsam
1301 707 1432 791 pessima

248 817 462 882 machinentur
473 812 515 903 ³).
562 815 652 880 Unde
667 821 755 878 recte
772 813 979 896 concluditur,
1006 835 1072 878 eam
1089 814 1212 898 Spiritu
1228 834 1255 878 s.
1271 816 1318 879 ita
1333 816 1433 902 dirigi,

247 931 283 989 ut
299 925 401 989 omnia
417 923 594 988 salvatoris
610 922 896 1006 Apostolorumque
911 921 1011 1002 dicta,
1035 921 1067 986 id
1084 927 1133 987 ost
1148 927 1250 987 totum
1266 924 1433 987 revelatio-

247 1033 296 1096 nis
313 1032 506 1116 depositum,
530 1032 622 1095 aliter
649 1053 710 1095 non
733 1029 905 1114 intelligat,
929 1049 1020 1112 quam
1041 1030 1110 1114 ipse
1135 1029 1281 1094 Salvator
1306 1029 1433 1113 ejusque
1539 1055 1540 1104 i

246 1140 343 1226 legati
359 1161 396 1204 ea
409 1140 644 1219 intellexerant,
669 1138 742 1222 quia
757 1137 833 1200 alias
849 1159 868 1200 a
886 1138 1019 1202 veritate
1035 1137 1195 1202 deficeret.
1241 1138 1345 1221 llnjns
1363 1159 1433 1202 vcro

247 1249 483 1333 praerogativae
499 1269 517 1310 a
531 1248 607 1312 lesu
624 1247 752 1311 Christo
769 1245 931 1310 Ecclesiae
948 1265 1128 1324 concessae,
1149 1265 1240 1328 quam
1256 1247 1434 1324 isssalietiii-

247 1365 345 1421 mern
359 1362 490 1438 vocant,
515 1356 744 1420 consectarium
762 1359 810 1416 est
826 1355 1005 1420 authentica
1028 1375 1054 1418 s.
1072 1355 1259 1438 scripturae
1275 1355 1435 1438 interpre-

246 1463 335 1527 tatio.
382 1463 504 1527 Etenim
521 1483 590 1527 cum
606 1463 749 1528 Ecclesia
764 1463 917 1548 integram
940 1463 1114 1527 doctrinam
1138 1462 1324 1542 revelatam,
1348 1468 1435 1526 antc-
1540 1467 1541 1492 i

249 1592 338 1658 quem
354 1573 456 1636 literis
473 1573 729 1660 consignaretur,
752 1575 840 1634 recte
856 1571 1059 1658 intelligeret,
1084 1577 1115 1636 et
1132 1573 1200 1636 sine
1216 1571 1301 1634 omni
1318 1572 1435 1636 erroris

250 1682 438 1746 admixtione
453 1682 570 1766 populo
587 1681 758 1746 christiaco
776 1684 965 1764 exponeret,
988 1681 1132 1766 proiecto
1155 1687 1284 1764 postea,
1310 1683 1433 1765 quando

250 1796 398 1875 exparte
425 1791 535 1855 saltem
563 1791 692 1873 scriptis
719 1789 802 1853 editu
830 1797 879 1852 est
906 1795 1001 1872 atque
1027 1789 1169 1875 vulgata,
1200 1794 1322 1853 rectam
1349 1789 1433 1873 ejus·

246 1901 315 1964 dem
346 1901 494 1964 divinitus
523 1919 702 1964 concessam
730 1898 965 1984 intelligentiam
994 1905 1025 1963 et
1051 1897 1344 1982 interpretationem
1375 1921 1436 1963 non
1540 1907 1541 1934 ¹

249 2007 367 2087 amisit,
393 2008 447 2070 scd
462 2011 615 2090 perpetuo
632 2005 764 2071 retinuit
782 2010 814 2068 et
829 2005 987 2070 retinebit.

273 2151 297 2217 ¹)
317 2158 397 2216 Quam
415 2158 529 2216 pariter
546 2157 658 2216 Paulus,
686 2156 844 2204 institutioni
869 2167 900 2202 ac
927 2156 1005 2202 menti
1030 2155 1112 2204 divini
1136 2156 1178 2204 sui
1197 2157 1316 2214 magistri
1334 2169 1431 2204 eonve-

318 2247 420 2294 nleuter
438 2247 559 2306 Ephesiis
573 2259 630 2305 cap.
645 2246 694 2306 iv,
710 2247 797 2293 t—t.
810 2247 934 2292 unitatem
956 2246 1065 2294 [neuim
1078 2245 1213 2294 scribones
1235 2245 1357 2294 Obsecro
1374 2260 1432 2301 eos,

320 2363 350 2376 -
371 2340 403 2384 st
421 2337 500 2398 dipsa
519 2330 661 2384 ambuletis
679 2361 713 2372 ·-
732 2361 766 2372 -
785 2337 888 2386 soliciti
906 2348 1022 2384 susara
1041 2337 1170 2384 acritatem
1188 2336 1304 2398 spiritns
1323 2337 1353 2384 isa
1373 2337 1431 2384 cis·

320 2428 381 2474 esto
399 2425 486 2488 pacis.
527 2425 608 2472 Ursam
627 2439 727 2487 corpas
747 2430 774 2473 et
790 2439 861 2474 snas
879 2425 1012 2488 spiritus,
1037 2426 1109 2474 sicat
1124 2426 1216 2474 uocati
1241 2426 1308 2474 estis
1327 2428 1359 2474 ia
1377 2442 1430 2476 aaa

318 2529 366 2579 spe
383 2515 533 2564 vocationis
552 2519 668 2564 cumae.
708 2516 777 2564 tiaras
796 2517 940 2578 nemim,
959 2531 1014 2564 aaa
1031 2516 1111 2578 fides,
1138 2530 1220 2564 mm
1239 2517 1389 2580 baptisma.

274 2601 301 2672 ⁸)
322 2609 489 2666 Quantopere
508 2606 626 2654 Salvator
645 2612 735 2656 noster
753 2608 897 2654 doctrinam
915 2617 988 2654 susm
1006 2607 1069 2654 nulli
1087 2619 1198 2666 uuquam
1218 2609 1357 2656 mutationi
1381 2609 1427 2655 ob·

318 2699 417 2744 noxiam
436 2709 495 2744 esse
514 2697 640 2759 voluerit,
660 2699 735 2758 ptura
753 2695 830 2744 etiata
847 2697 943 2744 erotica
969 2698 1109 2756 perspicue
1127 2697 1228 2746 docent.
1266 2697 1311 2746 Sic
1332 2700 1353 2746 1.
1368 2699 1429 2746 cor.

318 2790 367 2847 tit,
391 2789 434 2834 11.
447 2787 569 2846 tegimus:
592 2779 804 2836 Fundamentum
823 2787 892 2835 caim
911 2787 983 2836 aliud
1001 2800 1077 2834 acmo
1094 2789 1186 2849 potest
1200 2801 1306 2852 ponere
1318 2793 1434 2852 praeter
1542 2807 1543 2832 r

316 2878 660 2940 improvisissimam,
681 2880 749 2939 asoa
768 2881 809 2925 cst
833 2878 957 2926 iitristas
980 2877 1070 2926 Jcsas.
1108 2877 1184 2926 conr.
1209 2878 1298 2928 ttatu.
1318 2879 1429 2938 xxviii,

322 2969 420 3016 roso
457 2967 706 3026 somnus-a.
743 2967 839 3024 eaor,
858 2970 913 3016 uo.
950 2968 1031 3027 apae.
1049 2967 1117 3023 xiv,
1136 2969 1163 3016 e.

275 3053 301 3120 ⁸)
320 3059 462 3106 Notissima
485 3055 776 3118 contemnamini,
795 3058 888 3118 quiem
910 3057 1043 3106 Ecclesiae
1061 3071 1127 3106 suae
1145 3071 1167 3106 s.
1187 3057 1312 3117 Spiritum
1331 3070 1433 3119 semper

319 3149 458 3198 affuturam
476 3161 537 3198 esse
549 3145 700 3203 affirmarit,
720 3149 758 3196 uti
777 3147 850 3196 Joan.
863 3147 933 3203 ΧΠ,
955 3149 997 3196 tt.
1014 3149 1055 3196 17.
1082 3149 1295 3210 reconsecrato
1310 3151 1432 3210 Patrem,
1542 3161 1543 3182 ¹

319 3244 345 3288 ct
364 3240 444 3288 aliam
463 3240 635 3287 Paracletum
660 3238 735 3286 datii
758 3237 849 3298 cotis,
873 3239 905 3286 stt
927 3242 1036 3286 massot
1057 3239 1194 3288 vobiscum
1219 3239 1247 3288 im
1272 3243 1430 3295 aeteram

319 3331 451 3395 Spiritum
468 3329 609 3385 ueritatis,
635 3342 710 3390 pacm
727 3328 840 3375 madae
858 3339 912 3375 mos
929 3331 1019 3391 potest
1038 3329 1176 3391 accipere,
1203 3329 1266 3390 osio
1284 3343 1340 3378 moa
1359 3332 1433 3378 ciaet

318 3435 386 3479 eum,
405 3433 455 3468 meo
469 3420 523 3468 scit
540 3431 607 3467 cam.
631 3419 682 3466 Vos
695 3420 783 3466 satem
796 3417 964 3480 macomeria
979 3432 1046 3478 eam,
1065 3419 1128 3481 posia
1142 3421 1213 3483 apsi
1236 3433 1285 3468 cos
1305 3423 1432 3476 maaetit,

322 3515 348 3558 et
366 3513 393 3558 im
411 3511 483 3558 sodis
504 3510 567 3558 erit.
600 3511 632 3556 iit
653 3509 716 3556 ibid.
738 3523 763 3568 v,
787 3509 832 3556 211.
852 3509 1015 3558 Paracletus
1035 3511 1140 3566 ostem,
1171 3508 1292 3574 Spiritus
1312 3516 1433 3569 sanem,

318 3614 394 3662 quem
412 3601 499 3648 mittet
517 3601 601 3647 Pater
619 3599 647 3646 ia
665 3598 772 3648 somine
790 3613 864 3659 meo,
883 3599 929 3648 itte
947 3612 995 3648 cos
1016 3599 1122 3648 docebit
1139 3600 1238 3656 ommia,
1260 3603 1287 3647 ct
1305 3606 1433 3664 suggeret

319 3691 520 3748 actricomonte,
540 3701 715 3751 quaecamque
733 3689 829 3737 dixero
848 3689 933 3738 codis.
972 3689 1047 3743 doni.
1068 3689 1145 3736 Joan.
1165 3689 1234 3750 XVI,
1262 3691 1306 3738 te.
1346 3693 1432 3741 namu

320 3781 428 3838 XXVssl,
451 3783 492 3828 ro.
516 3781 559 3826 2⁰.

276 3863 301 3932 l)
321 3872 462 3918 Ecclesiam
485 3870 572 3917 (tisino
590 3869 736 3930 &umento
755 3870 820 3919 adso
842 3873 937 3920 sartam
952 3873 1098 3930 meamque
1120 3873 1189 3932 iore,
1208 3875 1237 3918 ut
1253 3873 1434 3920 nuttaratioue

321 3959 446 4020 deicere,
466 3961 515 4008 imo
538 3972 570 4006 ne
590 3959 770 4020 potentissima
792 3959 895 4019 quidem
917 3973 947 4010 aa
972 3961 1077 4008 maxima
1095 3961 1205 4008 hostium
1223 3963 1249 4010 ri
1268 3965 1433 4023 pessumdari

322 4051 419 4110 possit,
447 4051 626 4100 disertissimis
649 4049 757 4112 eloquiis
777 4051 900 4098 Dominus
925 4050 1046 4110 promisit
1067 4051 1156 4098 Hatita.
1175 4052 1245 4112 xvi,
1271 4053 1315 4100 18.
1347 4055 1389 4100 Tu
1407 4065 1433 4100 es

323 4144 437 4196 Petras,
463 4145 489 4188 et
502 4154 594 4204 [saper
612 4142 685 4188 dumo
701 4142 809 4204 petram
829 4141 972 4203 aedificato
999 4139 1148 4189 Ecclesiam
1166 4156 1269 4201 meam,
1290 4146 1319 4190 ct
1335 4147 1433 4207 portas

319 4231 406 4295 inferi
414 4245 466 4278 nom
476 4233 673 4295 praevalebant
683 4233 813 4279 adversas
823 4245 888 4277 cum.
900 4231 975 4279 Coni.
984 4233 1080 4291 Ephes.
1093 4233 1135 4293 lv,
1147 4234 1262 4280 tt-rt.
1274 4233 1305 4294 V,
1316 4235 1432 4281 25-27.

319 4372 348 4440 i·
364 4372 414 4433 tii.
430 4372 572 4434 temetum
588 4369 696 4430 mooun
711 4366 860 4428 hitenttnt
876 4369 908 4430 dc
925 4369 1042 4430 ailitem
1058 4372 1088 4430 et
1103 4384 1154 4430 usn
1170 4384 1207 4430 ss.
1225 4371 1365 4432 titrorum

340 4504 427 4568 Hanc
453 4521 528 4564 vcro
550 4498 693 4564 Ecclesia
720 4500 875 4564 catholica
896 4500 1087 4584 provinciam
1109 4522 1135 4566 s.
1159 4502 1358 4586 scripturam
1381 4525 1435 4568 au·

250 4615 387 4682 theuticc
410 4610 654 4696 interpretandi,
678 4630 768 4695 quam
796 4610 868 4675 inde
897 4630 915 4674 a
939 4611 1047 4694 primis
1073 4611 1208 4676 sacculis
1232 4617 1345 4699 utpote
1366 4631 1433 4676 cum
