3118 5282
277 454 355 530 386

271 639 343 711 tes,
366 651 428 714 quo
444 628 538 694 altius
553 627 697 692 ascendit
713 626 796 690 ultre
811 632 946 692 aetatem
963 628 1156 708 historicam,
1175 651 1212 694 eo
1229 629 1331 714 plnres
1346 649 1434 693 reccu-

274 747 334 819 set,
358 739 412 822 qui
433 737 535 802 alliis
550 737 703 800 traxerint
727 734 897 820 originem,
920 736 1062 820 inprimis
1090 737 1272 802 conditores
1294 739 1433 819 civitatum,

274 855 422 914 auctores
438 847 582 929 stirpium
598 845 778 924 illustrium,
793 829 973 910 inventores
985 867 1090 910 rerum
1102 847 1236 931 utilium,
1251 849 1358 912 herote
1369 841 1435 930 priu-

273 959 423 1042 cipcaque
439 955 557 1040 passim
575 954 598 1017 ii
613 973 683 1018 esse
699 953 858 1031 dicontur,
873 954 928 1038 qui
943 955 1095 1041 uliginem
1109 976 1196 1020 suam
1212 976 1233 1018 a
1246 976 1356 1042 genere
1369 957 1435 1020 ltro·

273 1087 343 1132 ram
358 1069 414 1130 aut
428 1063 646 1128 Semidcorum
663 1060 839 1126 habuerint
857 1061 956 1144 Cujus
967 1063 1108 1128 insaniae
1123 1064 1239 1129 talrulis
1250 1063 1436 1150 genealogicis

272 1191 436 1238 sacrorum
451 1171 604 1236 librorum
619 1170 696 1236 uilail
712 1191 875 1256 asperam
890 1171 1018 1256 legitur.
1037 1172 1158 1238 Nullibi
1174 1173 1314 1258 origines
1327 1173 1437 1238 llcoram

273 1289 328 1348 aut
348 1281 504 1348 homiaem
526 1279 694 1344 illustrium
722 1301 740 1343 a
766 1280 834 1344 Diis
852 1280 1008 1364 repetitae
1023 1287 1208 1361 occurrunt,
1232 1282 1336 1364 potios
1351 1299 1436 1345 omnes

270 1391 413 1456 nomines
428 1395 551 1473 posteri
566 1393 639 1452 snut
654 1388 747 1452 unius
761 1389 901 1472 parentis
916 1409 975 1474 per
990 1391 1162 1454 naturalem
1174 1391 1396 1476 generationem
1405 1388 1437 1474 t).

360 1498 429 1564 Nec
446 1500 663 1580 Chronoloyta
685 1516 710 1560 s.
732 1497 918 1582 Scripturac
945 1498 1083 1582 mythice
1106 1503 1325 1585 cognoscetur,
1347 1499 1373 1560 si
1385 1517 1438 1559 com

271 1607 436 1695 gentiliam
451 1607 657 1693 chronologia
673 1605 848 1670 confertur.
875 1606 962 1671 llaec
977 1607 1121 1691 inprimis
1136 1627 1172 1670 se
1186 1607 1357 1694 distinguit,
1374 1605 1438 1690 quod

272 1716 457 1801 stupendam
472 1716 587 1779 mundo
601 1715 723 1778 tribuat
738 1715 966 1798 antiquitatem,
984 1719 1016 1780 et
1031 1716 1189 1798 quaelibet
1204 1717 1292 1782 natio
1309 1716 1437 1802 originem

271 1843 359 1888 raam
375 1824 414 1888 ala
430 1842 506 1888 aero
529 1822 744 1886 vetustissimo
771 1828 916 1906 repetat,
944 1829 1039 1907 atque
1065 1825 1240 1907 primaevae
1268 1822 1439 1911 generationi

267 1931 404 2015 plurium
419 1930 549 1996 millium
566 1951 718 1994 annorum
733 1931 868 2014 spatium
885 1933 1094 1996 adscribatur.
1119 1933 1176 1996 Sic
1191 1933 1319 1998 annales
1333 1934 1439 2017 Acgyp-

267 2041 405 2120 tiorum,
432 2039 676 2123 Babyloniorum
694 2045 727 2102 et
753 2040 901 2104 ludorum
916 2041 1119 2127 astrologicis
1141 2041 1265 2107 deliriis
1287 2042 1390 2119 innixi,
1409 2039 1437 2100 alr

270 2149 393 2234 origine
409 2147 515 2212 mnndi
522 2148 622 2212 molta
633 2153 764 2213 centena
779 2168 929 2212 annorum
942 2150 1040 2214 millia
1052 2150 1158 2234 elapsa
1173 2171 1255 2231 esse,
1272 2157 1305 2215 et
1320 2148 1438 2213 hommes

271 2256 507 2339 antiquissimos
522 2256 613 2340 plora
627 2256 725 2322 millis
740 2277 892 2320 annornm
917 2258 1032 2322 vixisse
1053 2259 1162 2344 nugati
1177 2263 1252 2322 sunt
1267 2256 1322 2348 ');
1348 2261 1438 2319 eontra

270 2365 476 2452 chronologia
489 2366 527 2428 V.
544 2366 583 2428 Τ.
601 2385 657 2447 ea,
680 2387 759 2450 quae
774 2367 891 2447 relert,
914 2389 976 2430 nou
991 2367 1115 2431 aliunde
1140 2387 1231 2451 mam
1253 2389 1297 2431 er
1324 2364 1437 2429 historia

267 2474 397 2557 repetit,
420 2478 453 2538 et
474 2472 701 2555 antiquissimis
725 2475 904 2540 hominibus
927 2479 1048 2538 tantum
1074 2476 1159 2540 uitae
1185 2480 1311 2558 tempus
1335 2472 1436 2550 tribuit,

267 2586 417 2667 quantum
433 2601 491 2664 pro
506 2582 629 2646 recenti
643 2585 846 2668 generatione
860 2628 870 2664 ,
884 2585 1073 2668 praeprimis
1089 2589 1161 2647 ante
1177 2584 1337 2662 diluvium,
1356 2581 1437 2646 ionae

268 2691 364 2754 facile
380 2689 531 2754 creditur.
556 2689 677 2768 Quodsi
695 2691 795 2775 major
809 2692 915 2755 muudi
930 2697 1029 2773 oetas,
1045 2712 1137 2775 quam
1153 2713 1233 2776 quse
1244 2693 1336 2775 juxta
1350 2708 1438 2754 narra·

267 2799 385 2864 tionem
399 2798 499 2864 noan
513 2800 596 2864 solet
613 2800 800 2883 computari,
817 2821 834 2863 e
849 2808 955 2865 terrae
969 2804 1098 2865 nostrae
1113 2801 1219 2865 indole
1235 2802 1333 2865 statui
1348 2799 1441 2863 debera

268 2908 431 2988 mseritur,
447 2914 667 2992 praeterquam
684 2911 768 2989 quod
784 2912 965 2994 argumenta
988 2908 1079 2992 hujus
1102 2911 1278 2974 sententiae
1293 2911 1386 2974 minas
1400 2926 1441 2969 er·

270 3017 396 3102 plorata
411 3015 613 3099 reperiuntur
624 3015 667 3101 ⁸),
683 3016 715 3078 id
732 3037 792 3080 noo
808 3017 997 3080 contradicit
1011 3017 1134 3097 Bibliie,
1151 3037 1285 3100 quorum
1302 3039 1354 3082 scr
1369 3033 1440 3078 erca-

268 3124 365 3188 tionis
382 3123 467 3204 dies,
487 3123 601 3187 (lenes.
618 3124 642 3187 l.
661 3127 938 3204 commemoratos,
954 3146 1016 3189 aon
1034 3145 1153 3207 omnes,
1169 3131 1319 3208 quantum
1334 3125 1441 3198 acinos,

270 3232 462 3316 interpretes
478 3232 636 3298 naturales
653 3253 724 3297 esse
740 3233 866 3315 dicunt,
889 3232 924 3298 id
945 3237 995 3298 est
1011 3233 1113 3316 spatia
1126 3235 1281 3318 temporis
1302 3236 1345 3299 24
1364 3232 1440 3293 hora·

269 3361 350 3422 nm,
366 3341 424 3405 sed
437 3346 560 3404 tractus
586 3347 785 3424 temporum,
813 3361 944 3424 quorum
968 3342 1164 3406 durationem
1187 3363 1278 3406 nemo
1305 3341 1440 3406 hominum

272 3449 526 3515 determinaverit
538 3446 582 3538 ⁹).

360 3559 500 3642 Denique
519 3580 580 3624 non
600 3560 702 3624 miuus
726 3558 940 3642 Geoqrcplatc
962 3559 1078 3625 biblica
1093 3561 1131 3624 ab
1149 3561 1292 3625 omuibus
1306 3552 1440 3644 tigmentis

268 3666 416 3750 mythicie
431 3667 531 3732 libera
552 3668 718 3732 invenitur.
743 3667 814 3731 Non
831 3669 919 3732 novit
934 3675 1070 3732 montem
1086 3669 1239 3750 Deorum,
1263 3670 1319 3732 scd
1334 3659 1441 3729 Parali-

270 3794 340 3838 aum
356 3795 424 3838 cam
441 3781 577 3857 quatuor
591 3775 770 3841 fluminibus
787 3781 820 3840 et
843 3777 904 3841 alia
920 3798 981 3841 non
998 3778 1159 3842 mnormia
1178 3778 1289 3841 refert.
1321 3776 1360 3838 llt
1379 3785 1441 3852 qast
1517 3855 1518 3864 ἵ

270 3883 447 3946 incidenter
462 3885 501 3947 de
517 3885 591 3965 situ,
609 3885 766 3949 distantiis
793 3891 888 3968 atque
913 3883 1086 3950 confinibus
1108 3886 1260 3964 locorum,
1288 3883 1439 3969 regiorum
1517 3907 1518 3910 ¹

268 3991 402 4074 urbium,
419 3991 580 4070 montium,
605 3991 764 4055 tlominum
780 3997 874 4075 etque
898 3993 1029 4056 marium
1049 3995 1162 4075 notat,
1194 3997 1323 4056 nostrae
1348 3981 1439 4051 aetatis

269 4100 429 4165 laomioom
445 4099 616 4164 itinerariis
632 4099 857 4164 confirmantur
867 4098 922 4186 ¹⁰).

358 4209 487 4272 Demum
511 4212 636 4292 mythos
650 4213 826 4293 religiosos
847 4211 947 4274 saeris
963 4209 1065 4274 literis
1081 4209 1185 4273 inesse
1205 4229 1266 4272 non
1282 4224 1387 4291 posse,
1411 4215 1439 4261 οἱ

269 4335 306 4380 eo
322 4315 415 4382 focile
431 4316 628 4403 intelligitur,
653 4319 737 4400 quod
754 4319 786 4381 ni
803 4320 947 4383 erroneis
964 4319 1002 4381 de
1018 4319 1085 4382 Dco
1101 4317 1293 4396 notionibus,
1314 4327 1438 4398 pracser-
1517 4379 1518 4390 χ

268 4423 326 4488 tim
340 4423 551 4508 polytheismo
570 4426 722 4512 originem
739 4429 861 4507 dehent,
886 4427 998 4511 quilius
1028 4447 1054 4491 s.
1081 4425 1249 4509 Scriptura
1274 4418 1437 4488 nouaclum

269 4552 333 4596 non
349 4530 549 4619 suffragator,
572 4537 630 4600 aed
648 4535 756 4619 potius
772 4535 947 4600 doctrinam
963 4555 1067 4600 annam
1084 4555 1120 4598 ee
1136 4535 1203 4600 Deo
1220 4535 1340 4620 diguam
1357 4540 1436 4606 oppo-

266 4640 322 4723 nit,
344 4640 472 4708 tradens
488 4640 519 4706 in
537 4645 663 4710 exordio
681 4645 787 4709 statim
803 4646 954 4710 veritates
970 4643 1235 4710 fundamentales:
1251 4645 1342 4708 Base
1354 4649 1435 4702 now·
