3092 5286
517 574 545 640 §-
562 569 617 628 ltl.
632 569 732 628 ladtoh
746 570 863 628 laterna.

187 687 236 750 Ad
251 686 373 748 iuterna
389 681 512 746 consilii
526 681 641 744 indicia
656 681 834 762 pertinent:

186 796 228 879 a)
254 797 457 873 contaetus,
481 791 519 854 de
536 810 598 872 quo
614 789 675 852 hoc
691 788 784 867 loco,
808 787 884 850 licet
899 807 1008 850 nexum
1024 786 1160 871 logicum
1175 807 1280 852 remo-

99 905 211 967 tiorem
227 923 285 985 pro
302 900 433 964 consilia
455 898 644 980 explorando
660 903 765 982 aptum
783 894 846 977 jam
870 915 964 978 supra
982 893 1031 980 (S.
1043 897 1108 974 82)
1137 896 1281 980 designa-

98 1013 206 1087 vimus,
229 1033 291 1074 uon
307 1010 413 1072 dicere
429 1029 467 1072 eo
483 1007 584 1070 miuus
599 1025 776 1089 possumus,
800 1027 861 1088 quo
878 1005 980 1068 rarius
996 1005 1027 1066 in
1044 1005 1185 1068 oratione
1203 1026 1280 1068 eon·

96 1121 181 1184 tinua
202 1121 240 1184 ab
263 1141 323 1182 nno
347 1116 480 1181 consilio
503 1117 541 1180 ad
564 1116 647 1178 aliud
667 1115 830 1178 transitur.
853 1117 922 1192 Quo
945 1111 993 1192 lit,
1017 1119 1052 1176 nt
1068 1113 1231 1178 consilinm
1248 1114 1279 1176 in

95 1228 354 1313 praecedentibus
370 1230 424 1290 ant
440 1225 702 1309 subsequentibus
716 1225 885 1288 indicatum
906 1224 1019 1287 merito
1043 1224 1135 1286 etiam
1156 1244 1214 1305 pro
1239 1223 1280 1285 iis

98 1343 286 1416 assumatur,
311 1356 391 1420 quae
415 1336 595 1418 cohaerent,
620 1339 651 1397 ct
672 1333 782 1396 saltem
804 1331 968 1396 consilium
993 1331 1084 1396 nexui
1104 1351 1282 1416 repugnans

95 1453 179 1512 certe
208 1445 432 1530 repudiandum
464 1443 516 1506 sit.
549 1445 653 1528 Atque
680 1441 772 1526 hujus
800 1441 932 1505 subsidii
958 1461 1034 1504 urus
1060 1440 1280 1522 frequentissi-

93 1578 158 1620 mus
182 1553 286 1642 cst1).

177 1667 219 1750 d)
244 1665 393 1728 Materia
407 1663 578 1726 morarum
589 1709 600 1743 ,
623 1679 680 1724 sen
696 1663 910 1744 argumentum
927 1659 1103 1736 sermonis,
1127 1659 1166 1720 de
1188 1656 1278 1739 cujus

93 1773 221 1837 consilio
238 1772 358 1856 agitur,
381 1771 414 1834 in
429 1769 509 1832 hanc
524 1789 591 1832 rem
607 1767 733 1853 egregie
749 1767 896 1845 inservit,
919 1772 1030 1847 utpote
1046 1767 1130 1847 quod
1145 1767 1184 1828 ad
1201 1787 1278 1828 con-

90 1882 189 1946 silium
213 1883 368 1965 quadrare
391 1880 501 1960 debet,
526 1880 599 1964 qnia
620 1880 698 1942 alias
722 1900 759 1942 ex
783 1879 853 1960 ipso
875 1877 1003 1960 prodire
1025 1899 1087 1940 non
1110 1875 1276 1958 potuisset.

88 1991 231 2055 Praestat
248 2011 323 2054 vero
340 1988 486 2067 materia,
510 2008 589 2070 qnae
607 1987 737 2050 consilio
754 1987 836 2050 idenn
853 1991 923 2066 est,
948 1987 1032 2067 quod
1048 1985 1177 2064 aedibus
1192 1984 1278 2070 ligna

88 2103 158 2163 sunt
181 2103 213 2161 et
235 2097 379 2180 lapides,
402 2095 570 2178 interpreti
591 2095 704 2178 duplex
730 2096 815 2158 circa
839 2093 1005 2158 consilinm
1022 2093 1277 2158 emolumentum.

87 2207 125 2271 llt
141 2208 268 2292 quidem

172 2320 204 2380 1.
230 2316 353 2378 directe
374 2315 491 2378 indicat
516 2313 701 2393 consilium,
732 2314 854 2396 quando
883 2312 1004 2376 seilicet
1024 2313 1070 2375 ad
1097 2310 1276 2397 generalem

85 2424 215 2508 aliquam
228 2422 389 2486 notionem
402 2423 493 2486 unice
504 2427 577 2505 apta
589 2427 672 2500 sunt,
686 2441 764 2504 quac
776 2422 957 2508 singillatim
971 2421 1127 2483 dicuntur.
1141 2419 1275 2501 Etenim,

82 2533 151 2614 qnia
165 2533 343 2616 scriptores
361 2532 539 2610 orientales,
555 2530 698 2616 inprimis
714 2527 920 2618 hagiographi
936 2531 972 2590 Α.
990 2529 1037 2608 F,
1056 2548 1185 2610 scopum
1202 2549 1220 2589 a
1236 2547 1270 2590 se

81 2640 231 2706 intentum
255 2663 318 2704 non
340 2641 443 2704 solent
463 2641 705 2724 praenuntiare,
730 2661 787 2702 nec
815 2639 909 2702 claris
931 2638 1035 2702 verbis
1061 2638 1094 2700 iu
1117 2637 1271 2700 orationis

80 2749 189 2830 initio,
226 2752 366 2814 decursu
392 2755 445 2813 ant
472 2747 534 2812 fine
563 2767 740 2830 exponere,
776 2747 970 2824 subsidium,
995 2747 1034 2808 de
1051 2766 1112 2828 quo
1142 2746 1276 2828 agimus,

80 2875 304 2941 saepenumero
320 2857 487 2940 interpreti
503 2856 593 2919 valde
610 2860 791 2938 exoptatum
808 2859 868 2933 est,
893 2854 983 2936 cnjus
1000 2873 1060 2936 ope
1084 2873 1102 2916 a
1118 2848 1209 2916 libris
1223 2851 1274 2916 uel

82 2965 173 3028 etiam
190 2989 207 3030 e
224 2965 359 3050 singulis
375 2963 448 3028 libri
462 2965 605 3048 partibus
623 2964 786 3027 consilinm
804 2969 892 3027 eruat
904 2960 948 3048 8).

168 3079 199 3140 2.
225 3064 306 3136 Dein
333 3074 463 3136 materia
489 3073 649 3137 substrata
669 3071 837 3154 interpreti
858 3071 938 3154 lapis
960 3069 1064 3154 lydius
1087 3074 1157 3146 est,
1183 3066 1273 3149 cujus

80 3204 138 3266 ope
161 3183 333 3260 examinet,
358 3203 429 3244 num
458 3181 637 3262 eonsilium,
662 3181 887 3264 qualecumque
909 3181 1029 3242 demum
1046 3177 1272 3260 praetenditur,

75 3312 185 3355 revera
201 3289 306 3354 subsit
323 3290 468 3354 orationi.
492 3293 724 3372 Quamprimum
741 3289 822 3352 enim
839 3289 988 3370 quaedam
1005 3289 1044 3349 ad
1059 3306 1200 3368 scopum,
1217 3285 1272 3368 qni

77 3401 278 3483 supponitur,
302 3398 409 3480 inepta
428 3399 635 3478 inveniuntur,
659 3401 760 3464 minus
776 3402 864 3462 recte
883 3417 997 3478 scopus
1014 3397 1075 3458 iste
1091 3395 1271 3472 assumitur,

77 3510 149 3592 quia
165 3529 260 3572 nemo
277 3508 426 3589 prudens,
450 3509 591 3592 adeoque
607 3529 664 3571 nec
681 3508 914 3594 hagiographos
929 3505 1031 3568 media
1047 3505 1085 3568 ad
1100 3501 1193 3566 linem
1209 3523 1272 3566 non

74 3615 225 3682 facientia
254 3615 381 3680 adhibet
396 3613 440 3704 ⁸).

165 3724 339 3789 Substantia
360 3724 493 3788 materiai
513 3746 589 3787 vero
612 3729 698 3788 certe
722 3724 864 3810 cogniti,
888 3745 950 3807 qua
974 3721 1097 3808 singula
1119 3719 1273 3784 orationis

75 3834 245 3898 continuae
269 3833 354 3896 dicta
376 3853 434 3896 ceu
455 3838 562 3916 partes
584 3833 723 3898 notionis
745 3834 796 3896 vel
812 3832 985 3897 sententiae
1001 3836 1056 3894 aut
1070 3829 1273 3894 inhaerentes

73 3946 126 4004 aut
143 3947 378 4024 consequentes
394 3946 447 4004 ant
459 3942 652 4026 integrautes
665 3963 699 4005 se
711 3941 836 4022 habent,
851 3941 944 4004 etiam
955 3940 1133 4002 immediate
1146 3957 1272 4002 sensum

74 4051 228 4136 cognosci
239 4069 345 4134 posse,
353 4055 504 4132 qnatenus
517 4052 659 4136 ambigna
671 4055 703 4114 et
713 4073 793 4136 vaga
805 4051 901 4114 cartis
915 4071 950 4112 ac
958 4046 1095 4112 delinitis
1107 4048 1270 4110 illustran-

71 4163 124 4221 tur
139 4163 238 4241 atque
256 4155 454 4238 deliniuntur,
472 4180 509 4222 ex
523 4159 563 4220 iis
580 4165 677 4242 patet,
692 4180 770 4242 qnae
783 4180 876 4241 supra
888 4159 942 4239 §§.
956 4158 1112 4222 79-82.
1133 4157 1171 4216 de
1190 4175 1270 4216 nexu

69 4267 175 4353 logico
190 4267 338 4332 diximus.
351 4269 416 4330 lmo
429 4269 511 4331 valet
525 4269 650 4354 regula:
668 4269 967 4352 lnterpretatio,
981 4287 1078 4350 quac
1096 4266 1191 4341 sola,
1204 4269 1270 4325 ant

70 4376 375 4464 saltemrnagis,
396 4396 503 4458 quam
521 4397 652 4440 omnes
669 4376 771 4438 aliae
790 4397 870 4438 cum
885 4374 1051 4438 materia
1067 4372 1271 4435 substrata

72 4481 283 4563 convenit,
310 4503 404 4546 vera
437 4485 646 4564 habeatur,
676 4489 817 4548 contra
840 4505 937 4566 qnae
961 4481 1151 4546 materiae
1183 4477 1271 4538 sub-2

70 4587 1267 4675 strataerepugnat,autsaltemminnsconvenitrcjiciatur.
