3112 5284
602 765 761 862 llldlltl
789 765 835 862 ll.

169 958 204 1019 bli
225 959 317 1020 SENSU
336 943 522 1020 Elll’bllllleld
541 959 597 1018 Pb'lt
614 959 704 1018 bEdES
723 954 950 1019 lNTbltPllldeNlll
970 953 1081 1015 satuit
1100 955 1278 1015 Sillill‘l'llltdli

628 1067 813 1126 PEGUbldllliS.

532 1285 560 1352 S·
577 1281 630 1343 lbi.
645 1283 776 1342 tottionis
799 1276 904 1338 dtustn

213 1446 317 1534 Leges
346 1449 543 1532 peculiares,
568 1469 647 1533 quae
675 1452 706 1512 in
735 1447 923 1529 explorando
952 1465 1046 1510 senon
1070 1465 1095 1508 s.
1113 1447 1308 1529 scripturae,

123 1555 211 1640 cujus
239 1579 302 1621 non
327 1559 459 1621 bumana
486 1557 603 1637 solum,
626 1556 682 1622 sed
699 1555 801 1620 divina
818 1555 910 1619 simul
934 1561 983 1618 est
998 1554 1137 1634 indoles,
1162 1575 1258 1640 aeque
1275 1577 1312 1618 ac

122 1664 209 1750 leges
225 1664 484 1729 llermencnticae
501 1665 685 1731 universalis
701 1665 733 1728 in
748 1663 921 1728 subsidium
936 1665 1094 1730 vocandae
1119 1663 1159 1726 ob
1175 1664 1223 1727 rei
1236 1685 1313 1750 gra-

122 1773 250 1836 vitatem
279 1772 466 1858 singularem
494 1773 677 1856 interpretis
713 1769 916 1836 attentionem
939 1770 1118 1854 postulant,
1151 1772 1312 1836 commode

121 1883 158 1946 ad
172 1882 235 1944 tria
250 1886 382 1964 possunt
406 1881 520 1946 referri
548 1881 661 1966 capita.
690 1879 783 1944 hicet
807 1879 906 1955 enirn,
932 1884 1079 1964 qnantum
1103 1898 1157 1942 eas
1181 1879 1309 1959 attinet,

119 1989 279 2074 respicere
296 1990 334 2052 ad
349 1988 573 2054 revelationem
590 2009 647 2072 per
663 1992 810 2052 auctores
826 1987 997 2068 inspiratos
1017 1986 1121 2050 literis
1145 1986 1312 2074 consigna·

118 2103 180 2160 tam
206 2101 275 2160 tum
292 2101 328 2162 in
349 2119 388 2162 se
410 2107 608 2182 amantum,
637 2101 702 2162 tum
728 2099 764 2159 in
779 2117 872 2160 neno
895 2117 970 2160 cum
984 2097 1175 2178 magisterio
1191 2097 1311 2160 Eccle-

117 2208 190 2270 siae
216 2209 412 2286 catbolicoe,
435 2209 502 2270 tum
528 2207 662 2291 denique
680 2209 716 2270 in
739 2206 897 2270 relatione
920 2207 969 2270 od
993 2206 1196 2288 deputarem
1223 2225 1311 2268 com-

118 2315 311 2380 municandi
333 2319 497 2398 cogitatus
525 2337 599 2380 cnm
626 2317 704 2380 altr'o
723 2319 897 2396 radonem,
926 2333 986 2396 qua
1008 2314 1174 2395 loquentes
1202 2311 1311 2378 biblici

121 2421 169 2484 nsi
192 2427 278 2486 sunt.

204 2530 343 2594 Primum
371 2532 455 2612 quod
478 2531 608 2610 attinet,
641 2531 714 2612 qnia
740 2529 950 2616 hagiographi
984 2529 1135 2594 veritates
1162 2529 1311 2594 divinitus

119 2638 310 2722 patefactas,
335 2635 443 2703 afflatu
460 2638 599 2722 Spiritus
615 2639 718 2702 sancti
734 2638 821 2702 ducti
838 2642 869 2700 et
886 2638 923 2702 ab
937 2637 1020 2702 omni
1036 2657 1144 2702 errore
1160 2637 1311 2702 immunes

121 2747 256 2825 servati,
280 2745 384 2808 literis
401 2745 624 2830 consignarunt
645 2742 904 2832 (§.7.not.1),
929 2765 965 2814 ex
988 2748 1099 2809 natura
1120 2746 1168 2810 rei
1191 2749 1311 2814 intelli-

117 2856 219 2936 pr'tnr,
237 2853 320 2916 hanc
335 2855 481 2918 divinam
495 2852 694 2936 scripturae
708 2857 870 2934 originem
875 2854 952 2938 jam
967 2857 1003 2916 irc
1018 2873 1057 2916 ee
1071 2863 1252 2936 opertam
1268 2853 1310 2918 ob

118 2963 298 3044 interprete
312 2963 478 3044 spectator
492 2981 669 3044 reposcere
683 2971 867 3044 reopectoe.
891 2959 980 3042 Dein,
999 2961 1071 3044 quia
1084 2965 1171 3024 extra
1183 2961 1309 3024 dubium

118 3070 258 3152 positum
276 3079 341 3148 est,
356 3069 520 3155 religionis
536 3073 664 3134 nostrae
680 3075 840 3134 auctorem
856 3074 957 3132 totum
974 3069 1135 3134 doctrinae
1151 3070 1309 3136 revelatae

119 3198 233 3262 corpus
254 3177 414 3240 Ecclesiae
430 3197 523 3257 suae,
547 3183 700 3262 perpetuo
718 3177 859 3260 spirituo
875 3197 901 3238 s.
919 3177 1032 3240 auxilio
1049 3183 1173 3258 rectae,
1196 3182 1308 3262 utpote

120 3283 281 3350 infallibili
296 3285 437 3364 custodi,
455 3284 558 3368 judici
574 3290 667 3372 atque
684 3285 852 3368 interpreti
869 3285 1116 3366 concredidisse,
1140 3291 1177 3352 in
1198 3291 1309 3352 rotbo-

114 3396 181 3460 lica
204 3396 366 3458 Ecclesia
381 3414 410 3457 o.
428 3394 645 3478 Scriptorue,
664 3415 743 3478 quac
759 3399 880 3478 partem
903 3393 1002 3458 solnm
1019 3393 1120 3458 totius
1146 3395 1309 3458 doctrinae

115 3503 276 3580 revelatae
301 3502 403 3566 literis
428 3504 601 3568 mandatam
625 3503 846 3586 complectitur
861 3503 910 3590 (S.
930 3501 1024 3590 135),
1049 3507 1239 3570 outbcntica
1255 3510 1308 3569 ia-

116 3615 311 3696 terpretatto
326 3613 480 3696 babetur,
506 3612 621 3696 qnippe
644 3633 722 3696 qnae
751 3613 789 3674 ab
816 3613 885 3696 ipsc
915 3610 1054 3694 ejusdcm
1081 3616 1211 3676 auctore
1240 3634 1309 3678 curn

113 3719 355 3802 proficiscatur,
380 3719 547 3804 interpreti
562 3721 678 3786 biblico
695 3742 823 3800 summa,
848 3741 909 3804 qua
936 3741 993 3804 par
1017 3724 1081 3800 est,
1104 3721 1305 3786 veneratione

115 3831 270 3892 audienda
296 3835 329 3892 ct
356 3830 571 3914 amplectenda
597 3835 657 3894 est.
693 3831 834 3915 Denique
851 3829 940 3914 quia,
964 3834 998 3893 ut
1024 3829 1172 3911 liquebit,
1195 3831 1303 3917 negari

114 3958 176 4002 non
200 3941 325 4020 potest,
350 3957 460 4000 sacros
487 3939 661 4020 scriptores
688 3941 826 4024 aliasque
853 3959 1006 4022 personas
1032 3939 1180 4020 biblicus,
1204 3941 1307 4016 divina

115 4047 308 4109 anctoritate
324 4045 505 4128 loquentes,
530 4048 654 4112 numine
671 4067 794 4132 quoquc
811 4048 914 4111 divino
930 4048 961 4110 in
976 4048 1132 4131 loquendp
1148 4049 1193 4112 ita
1208 4049 1306 4120 fuisse

114 4155 230 4217 ductos
239 4202 249 4234 ,
265 4158 300 4216 nt
313 4173 422 4216 eorum
439 4154 575 4218 orationi
594 4156 627 4218 in
643 4157 826 4239 quibusdam
840 4156 922 4219 locis
934 4191 978 4203 -
990 4176 1069 4238 quae
1086 4157 1208 4240 quidem
1223 4159 1306 4223 ratio

115 4283 134 4325 a
160 4263 285 4348 vulgari
312 4283 381 4326 cum
407 4263 476 4326 aliis
506 4267 750 4329 communicandi
779 4265 936 4350 cogitatus
965 4266 1100 4330 discedit
1125 4302 1169 4314 -
1194 4266 1307 4348 duplex
1395 4297 1397 4302 ·

115 4369 327 4453 subjiceretur
351 4391 478 4452 sensus,
503 4371 645 4436 nimirum
673 4379 800 4454 praeter
830 4373 984 4436 literalem
1012 4373 1189 4450 sublimior,
1214 4372 1307 4454 hujus

115 4499 242 4563 quoque
263 4481 408 4564 duplicia
429 4499 551 4546 aeneos
572 4484 607 4544 tn
630 4485 838 4562 expositione
853 4501 885 4546 o.
902 4479 1102 4563 Scriptoroe
1109 4486 1206 4567 jueta
1221 4485 1307 4544 ratic

111 4587 269 4654 babendo
286 4598 342 4654 eat.
368 4589 569 4670 Quapropter
584 4590 615 4651 in
632 4591 690 4652 bac
707 4587 857 4652 Sectione
873 4589 1024 4673 agendum
1041 4589 1120 4652 crit:
