3092 5286
240 423 319 500 2⁰⁰

309 603 418 660 habeat,
439 615 486 650 eor
505 604 558 651 sint
576 615 592 650 a
610 602 740 664 scriptore
757 602 843 664 posita
859 605 936 662 atque
954 601 1065 648 adhibite
1078 601 1118 648 vei
1134 613 1220 649 rerum
1235 603 1277 649 vei
1291 602 1420 650 verteme

307 698 441 742 momenta
462 696 584 754 ignorato
594 706 674 755 scopo
689 693 773 742 emnia
785 693 905 752 obseura,
924 693 966 740 rei
981 693 1127 752 planissima
1140 692 1205 739 aiios
1218 697 1297 753 atque
1310 696 1423 752 apertis·

309 785 380 831 aima.
399 785 467 831 Vera
481 787 547 832 enim
566 785 609 832 iux
625 784 763 831 verborum
782 787 824 831 ert
838 787 921 843 mets,
941 783 973 830 ed
986 795 1060 844 quam
1077 782 1217 830 collimavit
1233 787 1334 830 auctor.
1354 783 1425 831 Sicut

308 875 375 922 euin
393 877 474 922 omnis
492 876 561 922 aetio
573 888 605 922 ax
621 879 693 922 certo
714 877 790 922 animi
804 873 981 934 proficiscitur
996 873 1108 920 consilio
1128 873 1218 935 (atque
1231 881 1339 921 eatenus
1361 876 1424 935 diju-

308 966 415 1013 dicanda
432 966 502 1027 est),
522 968 557 1014 ita
574 970 602 1014 at
618 967 725 1027 scriptio
743 967 960 1014 aestimavisset
977 979 1009 1013 ex
1027 967 1075 1012 hoc
1095 979 1143 1013 sue
1163 966 1326 1026 principic.”

263 1049 290 1114 ¹)
310 1055 353 1102 Sic
369 1057 488 1116 generate
508 1058 617 1103 omnium
636 1060 747 1118 quatuor
768 1056 991 1116 evangelistarum
1014 1056 1150 1102 consilium
1165 1055 1233 1116 rest,
1253 1057 1342 1114 dicta,
1362 1057 1427 1104 tacta
1525 1109 1526 1112 Ἴ

309 1150 336 1194 at
362 1147 414 1194 iata
432 1147 496 1194 Jesu
523 1159 648 1206 narrare,
677 1147 789 1208 speciale
810 1160 873 1196 vero
896 1147 1017 1194 iiattiraei
1042 1146 1179 1194 consitium
1198 1149 1225 1193 in
1244 1160 1275 1196 eo
1298 1153 1373 1204 erat,
1402 1153 1428 1194 ut

309 1235 399 1282 Jeeum
418 1237 609 1284 demonstaret
625 1237 749 1284 Messium
766 1238 791 1283 iu
810 1239 842 1284 Δ.
862 1237 891 1284 Τ.
910 1238 1128 1296 praenuntiatum.

261 1319 286 1386 ι)
306 1327 470 1387 Quapropter
489 1328 551 1374 nihii
566 1328 685 1388 impedit,
706 1328 840 1388 quominus
852 1329 965 1388 opinioni
982 1328 1148 1388 quorumdam
1157 1327 1324 1386 antiquorum
1337 1325 1426 1374 sume-

308 1429 405 1478 gemur,
434 1417 557 1465 Joauuem
576 1419 732 1466 scribentem
758 1419 927 1478 itvaugeiium
952 1420 1056 1466 omuino
1080 1419 1156 1466 etiam
1180 1419 1297 1466 cennens
1325 1430 1428 1466 errores

309 1507 508 1570 passaiaatiaque
522 1510 658 1557 urbiorum
674 1515 701 1558 et
716 1511 871 1557 itoiretarum
890 1509 986 1568 piacita
1001 1521 1064 1570 prae
1079 1511 1161 1557 oculis
1180 1509 1315 1566 hahuisse,
1335 1513 1364 1557 st
1382 1521 1427 1568 qno
1525 1519 1526 1536 i

309 1601 392 1646 minue
409 1603 594 1660 mutuentur
609 1601 704 1662 iatius,
724 1613 880 1660 praecavere
900 1602 993 1648 saitem
1008 1601 1135 1648 indirecte
1151 1601 1281 1658 voluisse,
1302 1602 1427 1660 quanvis,

308 1694 336 1736 ut
351 1692 408 1752 ipse
427 1692 559 1749 declarat,
579 1692 696 1753 proxime
718 1693 897 1740 demonstrare
916 1692 1017 1746 voluit.
1036 1693 1126 1740 Jeaum
1146 1703 1207 1738 aue
1227 1691 1364 1750 iteratam,
1382 1691 1428 1738 itai

309 1782 389 1830 fliium
409 1785 435 1828 et
454 1782 589 1830 felicitatis
608 1785 759 1840 auctorem,
779 1782 856 1829 ioan.
877 1783 933 1839 XX,
952 1783 994 1829 81.

658 1963 683 2024 8·
700 1956 756 2016 itt.
772 1956 871 2016 mutio
888 1957 1006 2017 artitffl

328 2103 371 2169 Ut
382 2102 447 2188 jam
462 2103 641 2191 generalis,
671 2125 761 2189 quam
779 2105 944 2170 consilium
960 2105 1082 2170 ratione
1099 2105 1204 2168 habita
1220 2108 1260 2170 ad
1277 2105 1430 2171 erationis

236 2219 452 2300 argumentum
480 2214 675 2297 praesefert,
699 2214 788 2279 notio
816 2214 957 2297 perfecte
986 2214 1112 2300 cognita
1139 2215 1203 2278 dici
1229 2221 1349 2300 queat,
1371 2236 1429 2278 non

237 2320 356 2386 sufficit
377 2327 497 2385 tautum
520 2322 619 2402 scire,
644 2343 793 2408 quaenam
810 2322 853 2386 sit
868 2321 923 2386 ilia
938 2323 1043 2403 notio,
1068 2324 1124 2386 sed
1140 2328 1308 2406 praeterea
1325 2325 1429 2409 requi·

236 2431 339 2513 ritur‚
371 2431 463 2494 utin
489 2430 653 2514 omnibus,
678 2453 715 2496 ex
743 2432 856 2514 quibus
882 2431 951 2496 iors
980 2436 1106 2496 constat
1132 2432 1276 2516 partibus
1305 2433 1429 2520 cognita

238 2536 405 2614 habeatnre
427 2538 509 2602 sicut
526 2535 703 2603 aedificium
720 2544 868 2604 accurate
886 2539 1046 2626 cognitum
1063 2540 1258 2604 solummodo
1275 2543 1345 2604 tum
1363 2541 1430 2621 erit,

238 2667 330 2730 quum
353 2668 414 2709 non
436 2652 556 2710 tantum
579 2668 639 2732 qua
661 2649 770 2712 domus
788 2649 1010 2735 cognoscitur,
1035 2651 1091 2712 sed
1106 2655 1274 2732 praeterea
1290 2649 1429 2735 ringulae

242 2753 310 2836 ejus
333 2761 440 2838 partes
462 2759 507 2819 ita
528 2762 713 2839 perspectae
730 2762 819 2838 sunt,
843 2757 982 2822 utactio
1000 2763 1109 2822 exacta
1125 2759 1235 2822 domus
1252 2757 1429 2821 individuae

237 2862 274 2927 ab
298 2865 439 2927 omnibus
461 2864 531 2928 aliis
553 2861 707 2928 aedificiis
729 2864 898 2929 distinctae
920 2868 1078 2929 tencatur.
1107 2869 1211 2946 Quare

327 2973 350 3034 i.
372 2975 542 3055 pancratis
563 2977 645 3038 haec
668 2979 756 3038 notio
780 2975 989 3056 neaeman,
1016 2977 1048 3037 et

304 3080 343 3144 ii.
368 3083 415 3146 od
438 3085 592 3164 stapulas
611 3089 728 3166 partes
749 3083 1016 3148 considerandos
1037 3084 1225 3148 adhibenda
1248 3087 1323 3149 erit.

326 3190 432 3254 Facile
443 3211 518 3260 vero
532 3194 630 3274 patet,
644 3195 838 3276 quantopere
854 3191 1022 3275 interpreti
1038 3193 1077 3255 ed
1094 3192 1253 3276 cognitum
1270 3193 1428 3277 loquentis

236 3297 400 3362 consilium
416 3301 637 3364 attendendum
654 3299 707 3380 sit,
728 3320 798 3362 oum
814 3321 871 3384 pro
889 3300 1095 3380 diversitate,
1119 3320 1180 3385 qua
1196 3295 1427 3378 consideratur,

235 3406 278 3469 sit
298 3413 364 3470 tum
386 3406 457 3471 tinis
480 3408 775 3492 interpretationis,
800 3411 840 3472 ad
856 3429 946 3495 quem
962 3411 1088 3488 tendat,
1112 3414 1179 3472 tum
1195 3407 1289 3472 simui
1304 3408 1426 3495 insigne

236 3514 499 3600 subsidiumque
522 3518 561 3579 ad
583 3515 706 3602 singula
730 3514 920 3598 exploranda
940 3517 987 3580 uti
1011 3516 1164 3580 convenit.

541 3747 562 3802 L
581 3749 629 3802 DE
649 3747 820 3808 CONSILIO
841 3746 1128 3806 coeNosceNno.

348 3935 371 3994 S·
388 3926 443 3987 no.
460 3930 642 3990 subsidiorum
658 3933 763 3992 consilii
779 3932 956 4006 comessandi
971 3931 1094 3990 recensio
1111 3931 1140 3989 et
1157 3927 1313 4002 applicatis

325 4079 462 4164 Agentes
478 4082 516 4143 de
533 4080 665 4144 consilio
682 4081 835 4146 orationis
845 4081 1071 4167 cognoscendo
1088 4101 1151 4144 nou
1161 4083 1283 4144 tautum
1296 4079 1427 4142 admini-

235 4185 306 4250 cula
317 4186 390 4250 hnic
402 4187 602 4252 inservientia
613 4209 824 4270 recensemus,
841 4191 898 4253 sed
913 4189 1153 4272 applicationem
1170 4206 1295 4271 quoque
1312 4207 1427 4249 corun·

234 4297 303 4359 dem
320 4296 360 4360 ob
377 4295 424 4359 rei
438 4297 625 4382 gravitatem
648 4301 871 4364 ostendendam
888 4318 958 4363 csse
975 4303 1131 4382 putamus.
1160 4296 1239 4360 Cum
1255 4315 1333 4360 vcro
1351 4297 1425 4358 sub-

235 4405 317 4469 sidia
339 4408 377 4469 ad
402 4407 566 4471 eonsilium
595 4409 812 4494 quodcumque
841 4409 1095 4495 cognoscendum
1122 4406 1191 4470 iere
1219 4425 1282 4468 non
1307 4395 1428 4468 varient

239 4514 361 4580 ratione
378 4515 503 4581 consilii
518 4516 589 4604 plus
604 4517 745 4582 minusve
762 4517 899 4598 extensi,
929 4538 1009 4606 quae
1025 4515 1173 4582 hocloco
1191 4513 1362 4596 tradimus,
1388 4513 1428 4576 de

236 4622 377 4689 consiliis
394 4624 518 4691 diverso
534 4626 652 4693 ambitu
668 4626 780 4692 sumtis
795 4627 910 4692 valent.
