3092 5286
1208 451 1289 526 159

165 634 236 687 ter,
255 632 440 691 Quaestionum
457 632 645 679 Philanlcorum
661 631 786 691 partlcols
810 629 829 678 l.
849 633 875 679 et
895 631 926 681 tl.
949 631 1034 692 182⁰,
1053 631 1081 678 Α.
1102 629 1283 690 lilraerar,

164 723 237 770 l’hllo
256 723 308 770 oud
326 724 367 770 (lle
385 723 613 770 Alexandrlnlsche
631 723 803 783 Theosophie.
824 720 921 782 stuttg.
944 723 1022 768 1831.

309 880 337 947 s.
354 877 412 937 1⁰4.
432 877 528 937 luntas
544 878 670 938 culturae
685 860 833 952 religiosae
850 879 1068 938 minumum

183 1005 340 1070 Nationes
358 1005 610 1072 Christianorum
627 1005 758 1070 biblicas
776 1007 908 1070 docent:

184 1115 216 1176 1.
239 1115 336 1178 Libri
351 1117 444 1178 sacri
458 1115 499 1179 Ν.
523 1117 561 1177 F.
582 1116 634 1198 qui
652 1115 769 1178 iontem
786 1115 962 1178 earumdem
978 1113 1179 1196 praecipuum
1208 1135 1286 1177 con-

94 1221 240 1284 stituunt.
264 1221 323 1284 ilis
339 1224 492 1285 accedunt

183 1333 216 1394 2.
241 1328 363 1394 Patres
379 1332 565 1409 Ecclesiae,
590 1329 705 1413 aliique
731 1331 904 1414 scriptores
933 1329 1160 1410 ecclesiastici,
1185 1328 1288 1413 inpri-

94 1435 152 1497 mis
178 1437 288 1499 Patres
317 1437 501 1522 apostolici,
537 1437 649 1522 quibus
678 1439 771 1500 etiam
799 1439 959 1502 accenseri
985 1441 1090 1519 potest
1120 1439 1287 1517 Eusebius,

94 1544 178 1626 quod
194 1545 371 1628 antiquiora
390 1551 537 1609 accurate
561 1546 670 1608 refert.
695 1547 796 1609 Porro
813 1547 873 1609 buc
890 1547 1047 1628 pertinent

188 1656 221 1719 3.
246 1651 382 1735 Scripta
405 1657 644 1719 haereticoram
667 1653 767 1716 adbuc
797 1655 963 1732 restantia,
988 1674 1005 1716 e
1028 1653 1140 1735 quibus
1166 1654 1284 1737 placita

95 1779 202 1822 eorum
219 1760 433 1841 innotescunt,
451 1761 563 1844 quibus
580 1783 617 1825 ex
633 1768 722 1844 parte
733 1762 798 1845 jam
811 1761 967 1843 Apostoli,
990 1763 1175 1843 pracsertim
1187 1763 1287 1826 Joan·

97 1886 152 1929 nes
170 1873 202 1930 et
217 1868 332 1930 Paulus
348 1870 566 1954 refragandum
589 1874 790 1932 consuerunt.
814 1869 988 1952 Praecipue
1004 1870 1066 1933 hoc
1086 1871 1158 1936 loco
1181 1871 1287 1934 notari

95 1980 254 2038 merentur
277 1997 403 2041 errores
425 1977 649 2040 Gnosticorum
675 1981 706 2038 et
722 1975 979 2058 judaissantium,
1004 1997 1134 2060 qnorum
1161 1978 1287 2060 priores

95 2081 310 2164 philosopsiae
327 2083 473 2148 orientali
489 2083 607 2147 addicti
629 2083 776 2168 plurima,
802 2105 881 2169 quae
906 2103 925 2146 a
953 2089 1106 2149 communi
1131 2086 1287 2152 sentiendi

89 2189 315 2276 judicandique
341 2191 565 2256 consuetudine
591 2193 743 2255 recedunt
770 2199 823 2254 aut
851 2191 974 2256 omnino
996 2194 1076 2258 ialsa
1103 2200 1191 2274 sunt,
1215 2195 1288 2257 inde

95 2298 235 2362 derivata
251 2320 319 2363 cum
340 2298 492 2385 religione
515 2298 685 2366 christiana
707 2299 897 2385 conjungere
915 2303 1100 2383 studebant,
1123 2302 1286 2387 posterio-

95 2425 146 2472 res
162 2428 237 2470 vero
253 2408 412 2472 ludaismo
430 2408 516 2472 velut
530 2407 669 2472 immersi
695 2413 824 2491 praeter
845 2410 946 2495 legem
969 2409 1091 2474 Christi
1114 2412 1285 2476 observan-

94 2516 170 2578 tiam
195 2516 340 2600 legalium
357 2517 454 2585 ltlosis
477 2517 639 2601 urgebant.
664 2516 799 2580 Error-es
823 2517 1028 2600 plurimorum
1056 2520 1288 2583 haereticorum

94 2623 238 2686 referunt
262 2625 449 2688 irenaeus
485 2628 517 2688 et
552 2623 820 2708 Epiphanius,
859 2625 931 2689 hinc
962 2627 1035 2690 iude
1068 2629 1153 2691 forte
1184 2628 1287 2692 miuus

95 2736 214 2795 exacte.
245 2733 385 2818 Denique
400 2731 461 2795 hoc
477 2732 549 2796 loco
567 2731 757 2797 nominamus

186 2841 219 2904 h.
243 2839 442 2925 Apocmpba
456 2843 499 2906 N.
516 2843 554 2904 F.
564 2888 574 2923 ,
601 2840 634 2903 id
657 2845 706 2904 cst
721 2841 850 2922 scripta,
875 2862 954 2926 quae
970 2843 1132 2926 Apostolis
1149 2843 1289 2927 virisque

94 2947 282 3030 apostolicis
304 2949 575 3032 supponebantur,
599 2967 679 3032 quae
696 2948 820 3032 quidem
835 2968 947 3033 magna
968 2970 1005 3014 ex
1026 2957 1115 3032 parte
1132 2951 1290 3015 Christia-

20 3073 23 3078 ·
93 3077 207 3119 norum
223 3055 340 3138 placita
356 3056 617 3140 complectuntur,
644 3077 713 3118 cum
738 3055 881 3121 cautione
896 3061 999 3120 tamen
1017 3058 1189 3121 adhibenda
1204 3064 1288 3138 suut,
1328 3047 1330 3053 ¹

92 3165 162 3225 tum
180 3163 253 3247 quia
273 3163 433 3227 hincinde
449 3162 625 3226 adulterata
641 3162 801 3243 exhibent,
818 3169 885 3227 tum
901 3169 1085 3249 propterca,
1103 3166 1185 3247 quod
1203 3172 1289 3230 aetas

92 3271 318 3356 plerorumque
336 3273 497 3356 hucusque
513 3269 650 3335 nondum
667 3272 744 3338 satis
761 3271 966 3338 determinata
982 3279 1031 3337 est
1041 3271 1094 3364 a),

117 3413 149 3482 ⁶)
170 3421 247 3468 conl.
265 3421 290 3468 J.
305 3421 332 3467 F.
352 3421 517 3476 Kleulrer,
545 3420 780 3480 Untersuchungcn
797 3422 862 3470 ther
886 3423 928 3472 die
954 3423 1124 3482 apocryphas
1145 3423 1192 3470 etas
1209 3423 1241 3472 N.
1260 3424 1289 3470 Β.

223 3513 261 3558 De
280 3511 422 3558 adhihenda
440 3511 579 3560 Ecclesiae
595 3513 746 3560 catholicae
766 3513 893 3562 doctrina
913 3513 946 3559 ed
964 3514 1159 3574 cognoscendas
1182 3517 1291 3562 senten-¹

167 3599 218 3647 crs·
238 3601 393 3649 christianas
416 3613 502 3648 sermo
520 3603 573 3649 erit
591 3603 662 3650 Sect.
682 3604 714 3650 11.
734 3603 797 3662 cap.
816 3605 849 3650 ll.

421 3761 448 3828 s-
467 3758 522 3822 lta
538 3759 706 3822 lnholuotlo
720 3763 750 3822 ln
764 3761 851 3824 llhrm
867 3774 970 3825 saaca

187 3885 350 3968 culturae,
368 3908 429 3972 qna
444 3890 560 3974 singuli
576 3879 693 3954 fuerint
710 3891 918 3978 hagiographi
932 3893 1062 3975 imbuti,
1079 3894 1289 3957 conditionem

90 3996 281 4080 acgradum
292 3996 544 4070 introductiones
557 3997 711 4080 speciales
727 3999 764 4062 Α.
779 4005 811 4064 et
821 3999 861 4063 N.
874 4001 913 4062 T.
930 4000 1135 4087 interpretem
1147 4001 1291 4081 doceant,

90 4099 210 4196 quibus
234 4103 326 4166 simul
347 4105 516 4192 peculiaris
535 4106 694 4192 cogitandi
715 4091 798 4170 ratio
823 4129 930 4171 eorum
947 4109 1127 4192 exponenda
1143 4114 1203 4188 est,
1230 4129 1290 4192 pro

89 4210 210 4294 quibos
227 4211 342 4298 singuli
358 4197 506 4278 auctores
523 4215 731 4299 scripserunt.
756 4217 1026 4304 commentatores
1040 4217 1179 4282 melioris
1196 4222 1290 4281 natae

89 4319 346 4402 expositionibus
364 4322 431 4386 suis
446 4323 697 4386 introductiones
714 4313 917 4406 praemittere
945 4315 1062 4388 solent.
1097 4327 1201 4404 Quare
1226 4326 1290 4387 boc

88 4427 169 4492 loeo
187 4427 335 4492 uberiora
352 4430 536 4512 praecipere
553 4432 813 4515 supersedemus,
831 4432 986 4512 contenti,
1002 4431 1174 4496 bibliorum
1190 4431 1291 4493 inter-

87 4539 257 4619 terpretes
291 4539 331 4602 dc
363 4537 424 4604 boc
458 4559 584 4622 quoque
617 4539 699 4602 baud
734 4539 798 4604 levi
829 4539 1098 4625 interpretationis
1136 4542 1294 4601 momenta

89 4663 270 4710 monuisse.
