3112 5284
248 427 326 499 266

248 603 299 666 hic
315 602 347 664 in
361 601 496 664 residuis
512 601 638 664 illorum
653 598 801 683 operibus
818 619 879 662 non
903 597 1090 682 reperiatur.
1114 601 1337 684 Antiquiorum
1367 596 1436 662 lidei

247 709 384 773 unanimi
400 706 547 794 sull'ragia
562 710 689 773 Patr-um
705 707 960 792 subsequentium
977 707 1173 771 saeculorum
1189 708 1347 771 accedunt
1359 705 1401 794 Ι).

337 819 377 902 b)
402 817 439 881 Si
454 817 564 881 Patres
580 819 787 880 consonantes
808 821 872 879 tam
896 814 1014 879 diserte
1030 813 1218 898 loquuntur,
1247 819 1285 877 ut
1307 814 1436 878 manife-

247 936 330 990 stum
365 925 423 1007 sit,
458 923 536 1007 ipsis
571 922 850 988 contradictionem
885 943 946 986 non
985 923 1194 986 metuentibus
1229 923 1436 1007 persuasissi-

248 1055 329 1098 mum
360 1034 473 1113 fuisse,
509 1053 595 1096 auam
634 1031 818 1095 sententiam
859 1031 1028 1114 complecti
1058 1031 1244 1096 uniuersalis
1276 1031 1437 1096 Ecclesiae

249 1143 434 1206 doctrinam.

338 1249 375 1333 c)
400 1249 437 1312 Si
453 1247 605 1322 omnibus,
621 1247 670 1310 rel
687 1252 774 1310 certe
789 1247 1013 1333 insignioribus
1031 1247 1169 1312 Orientis
1181 1253 1237 1312 aut
1252 1247 1437 1313 Occidentis

246 1359 390 1424 Patribus
407 1357 658 1440 conspirantibus
675 1355 778 1418 nullus
796 1355 1041 1420 orthodoxorum
1058 1357 1258 1421 contradicit.

337 1467 380 1551 d)
405 1465 443 1530 Si
464 1465 597 1547 denique
612 1463 808 1528 manifestum
825 1469 890 1547 est,
913 1463 1072 1528 edentium
1089 1466 1294 1547 quorumdam
1311 1467 1439 1528 Patroni

249 1578 332 1662 quod
348 1575 460 1640 attinet
479 1575 641 1659 quamdam
658 1573 831 1638 doctrinam
846 1573 1002 1652 biblicam,
1019 1573 1151 1657 reliquis
1167 1574 1287 1638 diserte
1305 1594 1440 1638 consen·

246 1685 418 1768 tientibus,
446 1684 518 1748 inde
542 1681 757 1766 explicandum
782 1701 868 1766 cese,
901 1683 984 1766 quod
1004 1681 1053 1744 vel
1082 1681 1208 1746 occasio
1230 1681 1311 1764 ipsis
1333 1683 1440 1745 decrat

247 1795 433 1860 sententiam
455 1813 541 1858 suam
562 1791 756 1874 enuntiandi,
782 1791 833 1854 vel
848 1792 933 1877 quod
947 1790 1011 1856 illis
1027 1791 1216 1855 accedebant
1231 1811 1371 1856 assensu
1387 1796 1440 1854 aut

249 1923 396 1988 expresse
407 1909 461 1967 ant
476 1902 573 1968 tacite
589 1923 714 1986 quoquo
730 1900 823 1964 modo
839 1900 989 1964 indicato.

324 2011 459 2093 ‘Quodsi
476 2010 542 2094 jam
564 2011 655 2076 locus
670 2009 805 2074 biblicus
829 2011 867 2072 ad
883 2007 975 2072 iidem
992 2027 1157 2090 moresque
1179 2007 1345 2091 pertinens
1362 2029 1381 2072 a
1396 2029 1438 2072 ss.

248 2121 395 2189 Patribus
415 2142 480 2204 quo
495 2122 635 2187 testibus
650 2121 841 2186 traditionis
857 2116 1010 2200 ejusmodi
1026 2119 1210 2183 universali
1230 2137 1272 2180 oc
1288 2119 1442 2180 unanimi

253 2251 420 2296 consenso
428 2229 588 2311 expositus
602 2233 729 2307 estnon
741 2226 869 2290 minusa
882 2225 1046 2290 catholico
1058 2245 1117 2308 pro
1130 2224 1307 2312 dogmatice
1313 2222 1442 2289 delinito

249 2338 358 2403 baberi
374 2337 477 2417 debet,
491 2356 582 2419 quam
595 2336 684 2398 locus
697 2334 885 2398 abEcclesia
896 2332 1080 2397 inconcilio
1094 2337 1286 2418 congregata
1298 2333 1442 2397 declara·

250 2453 315 2512 tus.
343 2450 413 2526 Quo
432 2463 585 2510 consensu
601 2441 765 2509 deliciante
776 2443 922 2508 Patribus
939 2443 1063 2528 quidem
1079 2442 1250 2506 infallibilis
1266 2443 1442 2506 auctoritas

251 2553 389 2619 adscribi
404 2575 466 2616 non
481 2557 607 2638 potest3
633 2557 813 2616 nontamen
829 2555 887 2631 est,
905 2551 988 2636 quod
1004 2550 1139 2634 dubites,
1157 2551 1231 2633 quin
1246 2550 1326 2633 ipsi,
1357 2552 1441 2632 quod

248 2663 475 2747 Apostolorum
491 2667 633 2746 tempora
649 2661 788 2744 proximo
804 2659 983 2746 attigerint,
1000 2660 1065 2724 sive
1081 2660 1120 2723 ad
1135 2664 1275 2723 ueterum
1291 2659 1440 2723 traditiu-

247 2793 319 2835 num
333 2771 484 2857 originem
501 2770 630 2855 propius
642 2769 846 2848 accesserint,
863 2789 971 2833 sacras
982 2768 1091 2832 literas
1103 2767 1195 2853 longe
1214 2767 1327 2832 melius
1345 2767 1440 2831 intel·
1543 2755 1544 2770 ¹

249 2882 351 2967 ligere
367 2881 538 2965 potuerint.
555 2881 768 2964 Quapropter,
784 2880 907 2962 quando
923 2899 1017 2942 unum
1035 2877 1084 2941 vel
1102 2877 1234 2940 alterum
1248 2876 1358 2940 locum
1370 2877 1440 2960 plu·

249 2990 320 3054 nimi
343 3011 450 3053 eorum
478 2989 709 3053 consentientes
738 2991 848 3053 eodem
875 3007 969 3052 sensu
989 2986 1164 3069 accipiunt,
1192 3005 1338 3070 napum
1367 3004 1440 3048 sane

247 3099 390 3164 veritatis
417 3098 630 3162 testimonium
653 3099 804 3180 babetur,
834 3102 865 3161 at
884 3096 1032 3160 maximae
1052 3093 1189 3158 levitatis
1218 3097 1283 3178 est,
1311 3098 1438 3156 sanctos

248 3210 359 3273 Patres
375 3209 536 3290 deserere,
555 3206 616 3270 nisi
630 3207 833 3292 gravissimae
850 3206 882 3269 id
899 3207 1048 3270 suadeant
1064 3223 1177 3266 causac
1188 3200 1233 3290 a),

277 3368 302 3435 ¹)
321 3376 376 3422 iiuc
391 3375 520 3434 spectant,
540 3386 605 3434 quae
624 3373 733 3421 celebris
752 3373 887 3433 theologus
907 3372 1072 3419 llelcbios·
1090 3371 1217 3428 canus,
1243 3367 1339 3414 lancos.
1356 3366 1436 3415 theol.

322 3464 367 3512 lib.
386 3465 438 3511 Vll.
461 3477 520 3524 cap.
541 3465 567 3512 a.
587 3477 647 3525 par.
666 3464 728 3512 izi.
748 3463 855 3511 scribite
875 3461 1049 3522 „Sanctorum
1067 3460 1206 3508 auctoritas
1225 3459 1280 3506 eive
1300 3469 1439 3518 pancorum

323 3554 380 3602 siva
399 3554 522 3614 plurium,
540 3567 598 3602 cum
615 3555 648 3602 ad
666 3567 711 3602 aas
730 3555 865 3602 facultates
886 3551 1000 3610 affertur,
1030 3565 1094 3613 quaa
1114 3549 1223 3600 naturali
1241 3549 1336 3595 lumine
1357 3549 1438 3594 conti-

322 3647 423 3706 nentur,
444 3651 516 3692 certa
534 3647 682 3705 argumenta
699 3657 751 3693 non
768 3645 922 3705 suppeditat,
943 3643 989 3691 aad
1007 3645 1105 3690 tantum
1123 3641 1215 3700 pollet,
1234 3643 1358 3699 quantum
1373 3637 1440 3684 ratio

323 3737 431 3782 naturae
445 3738 619 3784 consentanea
637 3734 831 3796 peremerit„
851 3733 961 3794 Egregie
980 3733 1136 3782 attaminans
1154 3731 1181 3778 tn
1198 3743 1254 3778 ram
1271 3729 1350 3776 laud.
1370 3729 1439 3774 Ant.

323 3823 539 3872 muratorius
558 3821 610 3889 (De
628 3826 788 3886 ingeniorum
801 3825 1018 3873 moderationem
1036 3823 1172 3884 religionis
1190 3820 1306 3882 negotio,
1325 3819 1398 3868 hilar.
1418 3818 1439 3864 l.

324 3925 381 3974 cap.
401 3915 446 3960 21.
464 3926 524 3974 pag.
545 3915 607 3964 22⁰.
625 3915 690 3976 Aug.
710 3917 799 3964 Vindel
818 3914 910 3976 itit.)
937 3913 1059 3962 disserit:
1088 3914 1158 3974 „lile
1175 3915 1272 3960 tantum
1290 3911 1441 3958 haereticus

324 4008 382 4061 est,
402 4005 445 4065 qui
460 4006 586 4064 pertinaci
606 4007 691 4052 animo
707 4007 800 4067 dogma
814 4006 916 4066 aliquod
936 4005 968 4052 ab
986 4005 1103 4052 iicclsaia
1117 4005 1265 4064 receptum,
1285 4012 1302 4045 a
1318 3999 1440 4058 Scriptu-

327 4095 364 4142 ris
383 4096 468 4142 sacris
487 4099 532 4142 aut
550 4109 566 4144 a
583 4097 726 4144 traditione
749 4097 949 4144 commendatum
970 4095 1127 4155 contemnit,
1147 4093 1250 4153 rejicit,
1274 4095 1370 4151 negat,
1399 4091 1442 4135 aut

326 4187 473 4247 Scripturas
491 4187 549 4232 loca
569 4189 787 4234 contrementem
806 4187 937 4235 Ecclesiae
956 4189 982 4234 et
999 4195 1153 4232 consensum
1171 4185 1277 4231 Patruus
1296 4180 1440 4241 par-rissei-

324 4283 368 4326 tsr
387 4279 581 4336 interpretatur.
607 4279 635 4324 in
653 4277 760 4338 reliquis
780 4275 819 4342 (in
838 4278 915 4326 rebus
934 4277 1066 4337 physicis,
1085 4273 1265 4334 astrologicis,
1283 4271 1441 4332 geographi·

323 4369 378 4427 cis,
398 4368 605 4428 chronologicis,
625 4369 652 4414 in
670 4368 788 4416 historiis
810 4369 927 4428 protenta
945 4371 972 4416 et
990 4367 1136 4428 hujusmodi
1163 4361 1339 4424 argumentis)
1367 4364 1439 4420 ipsos

324 4461 417 4508 Patres
436 4459 535 4518 quidam
553 4459 689 4514 venerari,
708 4462 753 4508 aut
771 4459 896 4520 religiosa
915 4462 943 4508 et
961 4469 1028 4506 κατα
1051 4449 1122 4505 reoda
1148 4455 1223 4516 aequi
1240 4465 1294 4499 non
1313 4453 1441 4512 euginnra

325 4549 421 4610 alioqui
439 4552 480 4596 tot
497 4549 647 4598 haberemus
673 4550 818 4598 haereticos
842 4552 887 4597 aut
911 4548 1001 4598 saltem
1026 4547 1196 4606 temerarios,
1227 4543 1297 4604 quod
1320 4542 1442 4589 babemus

327 4639 516 4701 Scripturarunu
532 4641 723 4704 interpretea.”
