3112 5284
1240 434 1317 510 293

226 614 255 675 1.
279 611 409 676 Plurimi
425 611 612 696 interpretes
631 629 724 674 sensu
740 609 873 694 mystico
891 613 923 674 et
939 608 1123 692 symbolice,
1148 609 1199 690 qni
1220 611 1317 674 certis

130 719 256 784 indiciis
280 719 404 784 ostendi
426 725 548 804 potest,
571 723 633 782 tam
650 739 758 803 parurn
782 717 922 782 contenti
938 721 1045 796 erant,
1069 720 1104 780 nt
1127 739 1187 782 non
1210 718 1314 783 solum

133 827 274 912 pluribus
291 827 386 892 rebus
402 847 438 890 ac
454 827 598 910 personis
614 827 738 890 bibliois
754 825 815 888 vim
831 825 968 909 typicam
995 825 1179 908 tribuerent,
1204 826 1318 908 quibua

132 938 213 1000 bane
229 956 248 998 a
263 935 387 1019 Spiritu
408 957 433 1000 s.
457 934 628 1018 subjectam
651 955 721 1000 esse
743 933 872 1017 probari
887 933 1015 1015 nequit,
1039 935 1232 998 eademnam
1248 954 1317 998 mo·

133 1046 207 1108 dum
228 1046 412 1108 excedentes
435 1063 527 1108 sensu
551 1044 668 1108 literali
690 1044 781 1128 plane
805 1042 951 1128 neglecto
969 1042 1083 1124 ubique
1106 1041 1229 1104 nonnisi
1243 1061 1317 1106 sen·

132 1172 187 1214 sus
204 1152 403 1216 sublimiores
424 1157 620 1235 quaererent.
667 1150 845 1216 Arbitraria
866 1152 943 1214 baec
960 1149 1144 1232 scripturae
1167 1148 1316 1214 tractatio

132 1261 248 1342 passim
270 1263 496 1343 interpretatio
519 1263 713 1344 olleyoetco,
737 1277 964 1343 nonnumquam
991 1257 1082 1322 etiam
1107 1260 1245 1339 mortim
1260 1275 1316 1339 ap·

132 1369 288 1452 pellatur,
312 1369 387 1434 linet
409 1389 427 1432 a
449 1369 601 1454 genuina,
636 1389 727 1453 qnam
750 1366 887 1452 professi
909 1385 1033 1447 snmus,
1058 1365 1316 1447 interpretatione

133 1478 268 1562 mystica
296 1477 390 1564 longe
419 1477 532 1558 ditet,
563 1477 625 1541 imo
655 1477 777 1561 proprii
799 1475 932 1540 nominis
961 1474 1201 1559 interpretatio,
1225 1473 1315 1556 eujus

134 1591 183 1650 est
205 1605 329 1650 sensum
353 1587 391 1650 ab
411 1590 542 1650 anctore
566 1590 740 1670 spectatum
765 1605 892 1666 eruere,
916 1605 978 1650 non
1002 1583 1064 1666 sit,
1088 1585 1142 1648 sed
1161 1603 1248 1648 mera
1261 1603 1316 1646 ac·

133 1693 341 1758 commodatio
368 1713 423 1757 seu
446 1693 632 1778 applicatio,
657 1713 718 1776 qua
741 1692 913 1756 sententiae
935 1691 1069 1756 biblinae
1091 1691 1130 1754 ad
1151 1690 1246 1772 alias,
1279 1710 1316 1754 ac

133 1802 263 1886 loquens
293 1802 444 1885 intendit,
474 1799 716 1866 transferuntur.
762 1800 851 1866 Unde
883 1820 1006 1866 sensum
1030 1801 1234 1886 allegoricum
1260 1820 1317 1864 sen

134 1913 417 1992 accommodatum,
441 1911 496 1994 qui
519 1911 670 1995 ejusmodi
693 1912 804 1998 agendi
826 1913 948 1978 ratione
971 1911 1142 1996 protertur,
1168 1911 1236 1974 ueri
1257 1932 1315 1974 no·

132 2021 224 2086 minis
247 2041 370 2086 sensum
393 2043 455 2086 non
475 2040 554 2102 esse,
574 2021 638 2104 jam
658 2021 855 2086 obseruatum
871 2027 920 2086 est
939 2018 990 2108 (S.
1006 2023 1038 2086 d.
1055 2025 1120 2084 not.
1137 2022 1188 2104 2).
1212 2022 1310 2099 Quam

132 2132 197 2195 late
217 2150 317 2214 usque
343 2132 382 2194 ad
404 2131 612 2196 recentiorem
642 2133 776 2194 aetatem
800 2133 974 2214 propagata
994 2128 1213 2212 interpretatio
1236 2127 1314 2192 alle·

131 2239 241 2326 gerion
262 2238 462 2302 nibilominus
477 2237 581 2316 inerit,
604 2237 738 2303 historia
754 2256 923 2322 exegeseos
940 2238 1061 2302 abunde
1077 2235 1313 2303 demonstrabit.

135 2348 302 2413 Caeterum
325 2347 453 2412 sobrius
475 2368 511 2410 ac
534 2347 695 2411 ordinatus
717 2345 988 2428 interpretationis
1022 2345 1226 2431 allegoricae,
1260 2365 1316 2408 seu

134 2454 430 2520 accommodationis
455 2454 633 2540 erogatione
656 2471 751 2533 usus,
780 2453 834 2538 qui
861 2473 937 2518 cura
968 2473 1077 2518 sensus
1099 2451 1225 2538 genuini
1252 2473 1314 2518 non
1416 2529 1419 2532 Ι

133 2563 279 2649 neglecta
313 2563 352 2626 ad
381 2559 627 2626 aedificationem
650 2561 759 2646 populi
788 2561 951 2626 christiani
973 2562 1154 2641 adhibetur,
1177 2582 1195 2624 a
1222 2561 1312 2625 nobis

134 2673 258 2736 minime
281 2671 497 2754 reprobatur.‘
526 2670 615 2734 Coni.
641 2671 722 2734 infra
742 2671 774 2751 S.
791 2671 867 2736 235.

223 2783 255 2844 2.
281 2781 391 2844 Altero
418 2779 539 2844 demum
562 2779 681 2844 sacculi
702 2779 812 2842 XVlll.
842 2778 971 2842 dimidio
1005 2797 1114 2862 magna
1143 2775 1234 2860 hujus
1269 2777 1316 2840 rei

136 2889 266 2952 mutatio
290 2891 373 2952 lacta
397 2894 455 2952 est.
503 2887 580 2952 Cum
603 2887 683 2952 enim
707 2887 927 2972 allegoriarum
953 2893 1128 2952 sectatores
1153 2907 1260 2950 omnes
1275 2886 1315 2949 li·

133 2998 226 3060 mites
241 2997 553 3081 transgrederentur,
576 2995 630 3060 alii
644 2995 717 3060 'boe
743 2996 842 3060 musa
866 2993 977 3062 offensi
1000 2996 1032 3060 in
1053 2997 1186 3060 alterum
1209 3001 1314 3062 entre·

134 3128 215 3170 mum
241 3104 444 3170 deflexerunt.
490 3106 575 3169 lnter
601 3105 803 3168 Acatbolieos
818 3105 874 3168 Jo.
893 3104 980 3169 Gari.
996 3106 1075 3169 lina
1094 3123 1190 3188 opere
1206 3109 1315 3168 centra

133 3214 337 3300 Theologiarn
354 3214 489 3298 typicam
513 3233 531 3276 a
552 3215 607 3279 Jo.
624 3215 713 3278 Dan.
729 3216 901 3279 ltliclsoelis
925 3213 1109 3276 delineatam
1135 3212 1220 3275 edito
1245 3213 1315 3294 plu-

134 3321 221 3386 rimis
247 3321 455 3386 conlessionis
479 3341 553 3386 suae
577 3319 708 3386 asseclis
731 3327 842 3384 auctor
864 3319 940 3399 fuit,
969 3325 1086 3384 utnon
1111 3319 1211 3384 solum
1235 3317 1313 3384 alle-

134 3430 295 3516 goriarum
317 3430 527 3512 venationem,
551 3431 606 3496 sed
630 3449 750 3494 omnem
771 3451 895 3516 quoque
916 3448 1041 3492 sensum
1064 3427 1229 3515 mysticum
1244 3432 1315 3491 tan·

136 3560 226 3622 quarn
241 3538 363 3603 inanem
379 3543 411 3612 et
427 3539 563 3605 otiosum
582 3539 700 3624 ingenii
710 3539 810 3604 lusum
835 3541 1039 3619 respuerent,
1064 3534 1175 3619 quibus
1192 3535 1315 3620 quidam

135 3645 381 3726 catholicarum,
398 3647 555 3728 astpauei
569 3651 699 3726 tantum,
721 3645 792 3727 plus
809 3645 947 3709 minasve
963 3641 1131 3728 suffragari
1144 3664 1205 3706 non
1222 3644 1313 3706 dubi-

135 3751 296 3840 tarunt¹).
343 3757 543 3840 Quantopere
570 3754 722 3838 ejusmodi
742 3754 918 3836 repudiatio
941 3773 1052 3817 sensus
1076 3753 1201 3838 mystici
1221 3753 1315 3814 testi-

136 3863 239 3927 monio
262 3881 288 3924 s.
312 3861 513 3946 Scripturas,
536 3863 633 3928 menti
655 3884 692 3926 ac
712 3863 783 3927 usui
799 3863 961 3927 Ecclesiae
984 3868 1015 3926 et
1031 3881 1073 3926 ss.
1090 3861 1232 3941 Petrum,
1258 3881 1315 3925 nec

136 3994 199 4035 non
223 3971 388 4036 consensui
410 3972 645 4058 Theologorum
668 3973 893 4038 catholicorum
918 3972 968 4035 vix
989 3993 1050 4036 non
1072 3971 1239 4036 uniuersali
1260 3971 1316 4033 ad-

136 4084 297 4160 versetur,
314 4101 351 4144 ex
368 4081 461 4146 dictis
477 4081 673 4148 manifestum
690 4087 748 4146 est.
852 4131 856 4140 .
1008 4145 1010 4151 a

225 4190 257 4254 3.
280 4189 421 4274 lienique
440 4190 548 4274 plures
568 4196 641 4254 sunt
660 4190 853 4274 interpretes
876 4189 1087 4267 recentiores,
1110 4187 1223 4272 quibus
1238 4206 1316 4250 sen·

135 4319 198 4364 aas
217 4300 397 4380 mediatae,
420 4303 578 4382 nycaeae
600 4310 631 4364 et
655 4301 853 4382 symbolicas
873 4299 953 4362 idem
976 4295 1120 4383 octav).
1165 4295 1232 4359 Nos
1253 4313 1316 4357 non

137 4406 252 4471 habent
281 4407 521 4470 consentientes.
567 4407 689 4473 Etenim
718 4427 841 4471 sensnm
869 4406 1053 4484 mediatum,
1078 4403 1131 4490 qui
1159 4407 1190 4467 ct
1220 4401 1315 4464 realis

136 4519 350 4599 nuncupatur,
375 4536 444 4579 curn
472 4516 620 4598 diximus,
645 4517 698 4604 qui
714 4538 774 4582 non
797 4515 972 4580 immediate
987 4513 1109 4591 verbis,
1133 4512 1179 4574 nti
1206 4529 1316 4574 sensns

138 4625 275 4690 verbalia
307 4644 362 4688 seu
389 4625 539 4708 literalis,
575 4627 628 4692 sod
652 4647 784 4711 pernes
817 4624 920 4690 verbis
947 4620 1136 4708 significatas
1164 4619 1321 4686 indicatur
