3118 5282
1223 441 1300 518 355

192 629 293 684 tiittste,
306 628 399 688 quibus
412 639 499 676 omnes
510 627 601 674 Patres
615 627 760 686 supererit,
780 628 806 672 et
820 619 977 685 praesertim
994 625 1154 672 accuratiore
1170 626 1304 674 doctrinae

189 720 346 766 christianae
365 720 525 778 cognitione,
554 730 586 764 ex
606 718 746 764 traditione
763 717 873 775 nausis,
898 717 1025 764 deiectum
1046 716 1189 778 supplerit,
1218 719 1301 766 minus

189 814 273 854 temen
287 819 392 854 sensum
410 808 554 865 literalem,
575 819 648 869 quem
667 807 841 867 siiegoricunu,
861 807 1065 866 dogmaticumet
1083 809 1205 856 merstem
1216 814 1304 856 secta-

188 903 241 945 tus.
261 925 294 932 —
313 899 392 945 Piurs
405 899 437 946 de
458 900 506 946 hoc
524 899 667 958 interprete
686 897 756 945 scire
770 899 884 956 cupienti
904 897 1076 946 commendari
1090 901 1202 945 meretur
1221 909 1303 959 opas·

190 989 286 1036 colurus
309 991 466 1037 Aurelius
486 991 696 1050 Augustinus
725 989 919 1048 Hipponensis,
947 999 969 1035 s.
991 988 1142 1047 scripturae
1166 969 1305 1051 interpres,

189 1093 205 1126 s
222 1080 253 1125 ti.
273 1080 422 1128 Nicoieo
441 1081 596 1129 clauses.
634 1081 745 1130 narniae
767 1079 845 1128 tear.

478 1259 504 1324 s.
524 1251 585 1310 itt
601 1251 769 1324 interpretes
784 1251 866 1311 medii
882 1253 948 1310 sert

208 1403 299 1467 hicet
315 1403 439 1468 modum
455 1404 546 1474 nobis
563 1407 713 1470 excedere
730 1405 894 1469 videantur
908 1403 1114 1484 recentiores,
1136 1404 1190 1487 qui
1204 1404 1307 1467 medic

112 1531 195 1575 aevo
211 1512 359 1575 scientias
375 1517 408 1577 et
424 1517 509 1576 artes
525 1535 631 1578 omnes
647 1514 739 1598 plene
756 1514 914 1600 neglectas
925 1512 1065 1596 jacuisse
1082 1512 1252 1592 clamitant,
1276 1513 1309 1575 id

8 1663 10 1672 ·
115 1619 223 1684 tamen
237 1620 331 1684 facile
347 1621 508 1706 largimur,
525 1623 669 1708 exegesin
684 1622 829 1686 biblicam
846 1641 883 1686 ea
898 1626 1004 1686 aetate
1017 1641 1075 1684 suo
1092 1622 1203 1704 Marte,
1221 1625 1308 1718 certe

8 1735 11 1764 ²
120 1727 150 1790 si
167 1728 440 1812 interpretationis
455 1727 590 1792 literalis
611 1730 694 1794 ratio
721 1729 865 1810 babetur,
880 1730 930 1793 vix
952 1727 1068 1812 aliquid
1091 1729 1194 1794 eximii
1214 1749 1308 1812 prae·

116 1835 251 1899 stitisse.
276 1839 440 1920 Quotquot
468 1837 548 1900 enim
575 1837 668 1922 hujus
684 1837 798 1902 aetatis
814 1839 964 1902 doctores
982 1837 1112 1920 scriptis
1137 1837 1308 1922 exegeticis

0 1945 2 1950 ’
117 1943 269 2026 majorem
287 1943 419 2008 nominis
437 1945 650 2010 celebritatem
667 1946 752 2010 neoti
768 1954 856 2026 suut,
880 1945 1067 2032 colligendis
1093 1946 1200 2029 potius
1227 1946 1309 2010 anti-

10 2122 13 2138 ,
117 2053 265 2138 quiorum
283 2053 607 2134 interpretationibus,
632 2075 721 2138 quam
750 2055 844 2118 docta
870 2053 1076 2138 expositione,
1101 2055 1166 2118 suis
1187 2054 1307 2118 viribus

1 2150 13 2248 ἶ,
116 2166 249 2239 tentata,
274 2181 353 2244 quac
370 2161 454 2224 sanis
471 2161 730 2227 Hermeneuticae
746 2163 864 2248 regulis
880 2165 1079 2246 respoudeat,
1097 2169 1130 2227 et
1145 2163 1307 2248 allegoriis

118 2270 294 2353 captandis,
317 2269 367 2332 vel
383 2289 409 2332 s.
433 2270 617 2352 Scripturas
639 2269 741 2336 effatis
766 2274 805 2334 ad
830 2269 1079 2337 aedificationem
1107 2273 1308 2336 christianam

2 2427 4 2430 -
119 2377 315 2462 applicandis
332 2379 476 2460 occupati
493 2377 629 2442 luerunt.
652 2381 688 2442 ln
710 2381 792 2443 bunc
815 2401 952 2458 censum,
976 2386 1012 2444 ut
1033 2377 1311 2464 Theopbylac·

5 2532 10 2545 .
119 2494 202 2550 tum
220 2485 518 2569 ctEutbymium,
536 2508 615 2569 quos
628 2494 803 2552 sectatores
817 2489 1313 2574 chrysostomiSehulaeAn-

117 2596 287 2660 tiochenae
318 2594 556 2676 adscripsimus,
580 2596 756 2676 mittamus,
786 2603 953 2677 sequentes
983 2597 1135 2680 imprimis
1165 2598 1310 2660 veniunt:

0 2717 2 2724 ’
119 2696 1314 2792 Cassiodorus,GregoriusltlagnusetVenerabilisBcda¹)3

6 2889 11 2917 ί
122 2831 221 2892 porro
253 2808 464 2886 Alcuinus,
504 2809 632 2893 ejusque
664 2810 811 2892 discipuli
840 2811 1037 2876 Rabanus
1068 2813 1248 2876 Maurus
1280 2816 1313 2876 et

1 2915 2 2920 ’
126 2918 275 3002 llaymo
293 2915 341 3002 ²),
374 2917 690 3004 deniqueTbomas
713 2919 894 3003 Aquinas
918 2925 950 2982 et
973 2919 1248 2983 Beneventure
1271 2917 1315 3006 ⁸).

212 3027 281 3088 lloc
297 3025 368 3090 loco
386 3025 479 3089 etiam
496 3048 739 3092 commemorare
751 3028 842 3111 juvat
857 3033 1014 3106 auctores,
1037 3027 1151 3112 quibus
1174 3027 1221 3091 sic
1245 3029 1312 3091 dic-

6 3169 11 3198 ·
118 3145 174 3198 tae
201 3139 348 3200 Catenae
374 3139 407 3216 et
433 3135 577 3200 Glossue
603 3138 632 3199 in
661 3138 800 3220 acceptis
830 3137 1013 3202 referendae
1034 3141 1117 3202 sunt.
1156 3138 1205 3200 Ad
1226 3138 1314 3220 prio·

119 3263 173 3306 res
196 3249 340 3325 spectant
363 3243 570 3308 collectiones
594 3245 748 3308 variarum
773 3245 1022 3328 explicationum,
1047 3265 1126 3329 quae
1147 3265 1184 3308 es
1212 3244 1314 3308 omnis

8 3346 15 3376 ¹
119 3351 249 3436 generis
266 3351 492 3434 interpretibus
509 3353 621 3433 sacris,
637 3353 782 3416 Patribus
798 3353 976 3437 praecipue,
998 3373 1056 3437 per
1079 3352 1314 3416 seriem'libro·

8 3443 14 3471 ⁸
121 3479 191 3523 rum
218 3459 406 3522 biblicorum
431 3467 596 3542 excerptae
625 3467 714 3540 sunt,
738 3467 909 3545 propterea
935 3463 980 3525 ita
1006 3469 1216 3544 nuncupatae,
1241 3463 1315 3544 quie

122 3567 272 3631 continua
287 3573 319 3630 et
334 3567 423 3649 quasi
440 3574 547 3631 catena
564 3569 712 3654 colligata
728 3571 810 3633 serie
826 3570 995 3633 multorum
1025 3565 1257 3654 explanationes
1270 3571 1312 3647 in

1 3729 3 3758 ,
118 3697 217 3739 uuum
230 3680 395 3760 congestas
408 3663 571 3756 exbibeniq
583 3677 778 3760 posteriores
790 3699 864 3742 vero
876 3685 948 3742 sunt
961 3679 1165 3742 collectiones
1173 3680 1312 3744 brevium

121 3790 243 3848 tantum
260 3784 494 3848 annotationum
511 3785 542 3848 in
558 3793 655 3850 totam
673 3808 698 3850 s.
717 3787 930 3871 scripturam,
961 3788 1081 3871 puriter
1105 3811 1142 3852 ex
1164 3791 1313 3872 operibus

4 3907 11 3938 ¹
123 3913 168 3956 ss.
200 3894 326 3956 Petram
358 3892 552 3976 aliorumque
584 3895 775 3978 scriptorum
808 3896 1094 3961 ecclesiasticorum
1124 3896 1254 3962 haustae
1270 3885 1313 3982 ²).

216 4000 282 4064 Sub
298 3998 391 4065 linem
407 4002 520 4066 aetatis
536 4005 665 4084 mediae,
692 4005 723 4069 id
751 4012 800 4070 cst
827 4006 934 4070 seculo
951 4007 1029 4070 xiv.
1056 4005 1226 4070 extiterunt
1250 4007 1312 4070 duo

8 4111 10 4119 ’
123 4111 274 4184 doctores
286 4110 597 4192 dudeco-christiani,
614 4114 811 4178 Nicolaus
827 4115 996 4178 [siranus
1013 4119 1044 4178 et
1059 4115 1206 4178 Paulus
1220 4107 1316 4176 Bur-

125 4219 283 4304 gensis,
307 4218 360 4302 qui
388 4221 534 4306 exegesin
560 4219 704 4286 biblicam
733 4222 771 4286 ad
798 4219 958 4286 meliorem
981 4221 1135 4286 rationem
1161 4221 1313 4286 reducere

0 4385 6 4392 ,
127 4327 254 4412 egregie
279 4328 384 4392 conati
405 4335 496 4410 suut,
520 4351 651 4412 quorum
672 4331 763 4414 prior
781 4333 959 4414 Pantitae,
980 4330 1143 4413 posterior
1162 4330 1313 4396 Anneia-

126 4441 233 4502 tiooes
256 4436 287 4498 in
313 4455 365 4499 eas
392 4437 490 4502 edidit
504 4428 547 4524 ⁵).

153 4561 178 4628 ¹)
198 4565 360 4612 Aurelius
383 4567 613 4614 cassiodorus
639 4575 666 4616 et
691 4569 876 4630 Gregorius
904 4568 1037 4628 Magnus
1067 4579 1098 4612 ex
1122 4567 1311 4626 Augustino

201 4657 362 4715 potissimum
382 4657 532 4706 hauserant.
570 4659 662 4720 Prior,
684 4661 727 4718 qui
753 4663 828 4708 antea
846 4657 893 4706 sub
911 4658 1015 4717 regibus
1044 4655 1156 4704 Gothicis
1185 4661 1210 4705 in
1236 4657 1311 4706 itatis

1026 4761 1096 4814 23*
