3118 5282
1229 503 1309 579 387

111 677 233 759 Deum,
258 687 439 742 creatorem
461 687 494 741 et
522 683 788 740 conservatorem
804 679 948 742 omnium
970 697 1101 759 rerum,
1128 681 1185 760 oui
1199 685 1306 745 omni-

111 789 176 850 dus
192 788 362 851 creaturis
378 788 502 870 infinite
520 786 702 864 sublimior,
723 787 879 867 simplem,
894 787 1096 869 spiritualis,
1115 797 1147 852 et
1159 793 1306 854 sanctie-

108 897 218 958 simue
239 895 354 958 mundi
374 904 482 958 rector
502 888 619 980 cst¹²).
654 891 804 955 Profecto
819 894 874 956 uhi
888 893 962 957 telis
978 895 1122 958 doctrine
1136 895 1175 960 de
1188 895 1257 960 Deo
1274 901 1307 961 et

110 1008 222 1066 nostre
249 1003 289 1064 ed
306 1022 375 1065 eum
398 1003 552 1066 relatione
579 1001 779 1086 proponitur,
807 1001 932 1066 fabulae
955 1003 1123 1088 religiosae
1144 1003 1307 1092 gentilium

109 1112 216 1176 locum
231 1109 346 1176 hebere
362 1132 424 1176 non
437 1113 580 1195 possunt.
606 1109 727 1189 Quodsi
750 1109 952 1175 nihilominus
986 1113 1160 1176 edversarii
1186 1113 1312 1198 apperi-

109 1220 216 1283 tionos
243 1224 275 1282 et
299 1219 507 1283 allocutiones
523 1218 591 1299 Dei,
620 1238 699 1302 quoe
726 1217 881 1282 historice
908 1226 1055 1302 acceptes
1083 1239 1146 1284 non
1171 1221 1308 1305 plorent,

109 1327 249 1412 mythice
276 1327 528 1409 interpretandus
558 1327 753 1410 existiment,
799 1327 956 1410 explicent
982 1347 1118 1411 quaeso,
1145 1331 1303 1410 quomodo

50 1435 1306 1523 -mfflmmffmfflmmmmmfflffimmfflwmmfflo

112 1547 258 1608 creatore
275 1547 307 1607 et
322 1543 536 1630 gubernatore
557 1543 784 1628 antiquissimis
806 1543 1001 1629 temporibus
1022 1542 1089 1608 sine
1106 1545 1307 1611 revelationis

110 1651 272 1734 adjutorio
288 1651 499 1736 pervenerint,
524 1673 592 1716 cum
610 1651 850 1718 celebratissimi
871 1651 1076 1736 philosophi,
1099 1652 1187 1716 Mose
1214 1653 1307 1739 longe

111 1761 318 1841 recentiores,
335 1761 364 1824 si
379 1760 434 1824 ille
450 1761 553 1846 cupite
569 1766 757 1846 spectemus,
773 1763 805 1825 in
821 1761 938 1826 crassis
954 1761 1151 1848 ignorantiae
1167 1762 1307 1827 tenebris

112 1866 401 1955 mmmmfflt

139 1995 164 2064 ¹)
185 2001 281 2049 Genes-
302 2000 323 2058 Ι,
347 2001 387 2047 11.
409 2001 445 2048 Dt
460 2001 501 2048 att
519 1997 635 2064 (Deus):
658 1999 798 2046 (terminet
815 2000 893 2045 terro
914 1997 1026 2047 hortm
1044 1998 1176 2047 virentem
1206 2001 1233 2047 et
1256 1998 1302 2061 fn·

189 2093 301 2140 cientem
325 2103 432 2150 semen,
463 2093 488 2137 et
507 2090 608 2151 tignum
626 2087 806 2152 pomiferum,
832 2086 941 2151 scetem
969 2087 1092 2151 fructum
1110 2089 1193 2151 juxto
1218 2104 1304 2152 ymos

187 2195 281 2238 esum,
303 2181 378 2242 eujus
398 2193 488 2228 semen
506 2181 535 2227 te
554 2179 700 2244 semetipso
720 2179 757 2227 stt
781 2191 864 2242 ceper
890 2182 1004 2228 terraer.
1042 2179 1117 2227 dont.
1138 2179 1198 2227 thid.
1216 2195 1242 2228 v.
1266 2182 1308 2228 12.

190 2273 269 2320 21-
283 2273 327 2320 22.
348 2271 479 2318 eti-es.

139 2357 166 2425 ¹)
188 2365 258 2410 lleec
286 2374 408 2424 equorum
436 2359 594 2407 immensiter
622 2359 681 2407 iude
709 2359 859 2421 derivetur,
898 2359 967 2421 quod
991 2373 1083 2408 omnes
1102 2357 1195 2423 fontee
1215 2361 1307 2424 abysse·

185 2467 300 2516 megene
318 2452 396 2515 rupte'
414 2455 441 2498 et
458 2453 619 2499 cataractae
638 2449 708 2498 coeli
725 2452 840 2513 opertae
857 2447 971 2512 fuerint,
991 2453 1017 2496 et
1031 2449 1125 2515 plecte
1144 2464 1227 2514 cuper
1248 2456 1306 2500 ter·

190 2558 252 2592 rem
280 2541 463 2606 quodrcptnte
489 2540 581 2589 dietus
608 2542 635 2589 et
651 2540 774 2588 nootthee
792 2538 870 2603 fecte
889 2541 940 2602 stt,
971 2539 1083 2588 Genesis
1105 2541 1161 2604 vii,
1184 2545 1226 2589 ii.
1247 2545 1307 2604 quin

186 2634 282 2694 aliquid
300 2631 404 2692 mythici
426 2631 540 2692 figmenti
557 2631 731 2679 Deucalionis
747 2634 774 2676 et
792 2629 919 2692 Pyrrhae
942 2631 1123 2680 edmisceetur.

145 2718 174 2784 ⁸)
195 2725 258 2771 mse
274 2725 363 2771 nectem
382 2721 447 2770 dhet
463 2724 563 2784 postor
579 2723 683 2778 cetum,
707 2722 731 2768 et
749 2719 815 2768 Oete
830 2720 966 2782 agricole.
985 2746 1019 2755 -
1034 2721 1176 2784 coepitque
1192 2721 1251 2769 Not
1262 2723 1306 2770 ee'r

190 2815 312 2876 oprteota
334 2825 466 2860 everrere
487 2815 612 2868 terrem,
633 2813 659 2856 et
673 2809 936 2872 pluntoer'teteeom.
958 2809 1052 2857 denes.
1073 2809 1115 2869 w,
1130 2812 1170 2868 2.,
1196 2811 1304 2872 1Χ,2ο.

135 2900 163 2966 ⁴)
188 2906 334 2966 (innuitque
356 2904 416 2952 Ado
442 2903 537 2960 lohet,
568 2901 613 2963 qut
640 2898 696 2962 fecit
718 2901 800 2963 poter
825 2898 1003 2948 habitantium
1026 2899 1054 2948 in
1079 2901 1205 2949 tentore'e'e
1225 2909 1305 2964 etque

184 2998 336 3059 postorum.
375 2996 411 3042 Idt
428 3007 525 3041 nomen
543 2990 650 3055 fruteto
678 2992 735 3053 ejus
754 2991 854 3046 lutek
884 2989 944 3053 ipse
970 2987 1025 3054 suit
1050 2994 1131 3054 poter
1151 2993 1304 3040 canentium

186 3087 295 3136 cithera
315 3088 342 3133 ct
359 3098 474 3146 orpono.
516 3083 588 3131 Solle
606 3096 709 3145 quoque
725 3081 819 3144 penult
839 3079 1004 3140 Tehelcer'n,
1025 3080 1071 3142 qest
1087 3077 1143 3142 fecit
1157 3082 1304 3131 metientur

189 3179 216 3222 et
229 3169 312 3243 feder
332 3175 360 3221 ier
381 3177 477 3222 cuncto
497 3187 579 3236 opere
599 3173 673 3220 certe
694 3175 720 3218 et
735 3169 818 3236 ferri.
856 3169 952 3218 (denes.
973 3169 1015 3231 iV,
1037 3171 1114 3217 ru—
1129 3172 1174 3218 28.

136 3259 164 3326 ⁵)
185 3267 240 3312 iiuc
260 3268 394 3326 spectent,
415 3278 480 3324 quse
499 3252 566 3324 e'pud
584 3263 739 3309 Ciceronem
756 3261 808 3322 (De
835 3265 927 3309 neture
946 3261 1058 3308 Deorum
1075 3259 1130 3308 laih.
1150 3262 1181 3318 ΙΙ,
1201 3271 1225 3309 c.
1247 3261 1304 3324 id.)

188 3357 322 3416 teguntur,
341 3353 385 3402 uhi
400 3355 523 3402 Delirus
552 3354 654 3399 nomine
674 3351 821 3398 stoicorum
845 3353 898 3398 eit:
918 3353 1010 3412 „Quae
1030 3349 1129 3413 (estre)
1150 3351 1193 3411 qui
1207 3351 1304 3413 videet,

187 3458 237 3492 non
261 3445 365 3492 indocte
386 3447 488 3500 eolum,
508 3456 598 3492 verum
621 3444 698 3489 etiem
718 3441 793 3501 impie
815 3443 911 3502 reciet,
932 3442 957 3489 el
980 3441 1050 3488 Deos
1074 3453 1136 3488 esse
1163 3446 1249 3502 neget.
1272 3469 1303 3480 -

184 3536 251 3582 Dese
262 3535 343 3594 igitur
355 3561 387 3570 —
398 3536 485 3594 Deos,
504 3535 541 3580 ite
556 3535 723 3594 perspicuum
741 3537 795 3589 est,
814 3537 843 3580 ut
862 3533 950 3593 quiid
972 3535 1066 3592 neget,
1084 3531 1126 3576 vix
1145 3544 1203 3578 eum
1224 3545 1305 3581 senes

185 3627 279 3673 mentis
299 3626 471 3672 existimem.”
510 3623 797 3672 contraderemus
817 3621 849 3682 X,
875 3623 902 3669 2.
922 3620 1171 3678 meretricemne,
1191 3635 1223 3670 ne
1241 3625 1307 3671 coeli

186 3715 262 3775 signe
284 3721 469 3776 expavescent,
495 3727 560 3775 quse
579 3717 708 3760 terrorem
727 3713 843 3774 injicient
867 3713 999 3772 gentihus.
1029 3711 1103 3761 conr.
1121 3712 1218 3763 terem.
1237 3715 1303 3776 XlX,

186 3805 230 3853 ro.
250 3806 283 3850 u.
303 3806 367 3866 neg.
386 3806 474 3860 xxviv,
495 3805 574 3851 5-o.
612 3806 690 3851 neus.
710 3803 753 3865 iv,
779 3805 821 3850 rs.
841 3803 932 3860 xviii,
955 3801 1303 3865 ro-11.rvquopovte-

183 3895 249 3941 riori
265 3895 322 3942 ioco
336 3897 405 3944 inter
420 3897 538 3942 diverses
554 3893 715 3942 idololatriae
734 3899 760 3941 et
773 3893 939 3940 divinationis
958 3893 1071 3953 species,
1091 3894 1116 3940 tn
1136 3907 1201 3955 ques
1217 3909 1303 3956 poene

133 3983 137 3994 ¹
184 3987 273 4032 mortis
293 3989 434 4046 statuitur,
455 3988 530 4033 etiem
548 3985 665 4032 divinene
681 3999 695 4032 e
711 3983 821 4031 nnhihus
843 3977 941 4057 (illvm)
960 3984 1117 4031 nominetur.

136 4070 165 4141 θ)
185 4075 304 4136 Primus,
325 4090 356 4124 ex
379 4090 428 4137 quo
454 4089 527 4123 omne
554 4087 637 4134 genus
667 4076 804 4123 humerum
828 4075 955 4135 originem
973 4075 1057 4131 ducit,
1083 4073 1199 4122 videmus
1224 4075 1302 4123 homo

184 4165 294 4221 dicitur,
321 4179 371 4213 non
394 4167 499 4229 perettus
515 4183 531 4215 e
556 4167 625 4222 Deo,
646 4169 693 4214 sed
714 4165 805 4221 ete'mo
823 4171 918 4213 terroe
935 4163 1090 4228 formatus,
1111 4165 1207 4210 (tenes.
1227 4163 1257 4220 11,
1276 4167 1303 4212 7.

184 4255 317 4301 Nimrod
346 4257 539 4315 potentissimus
559 4259 659 4318 quidem
679 4260 789 4303 vocetur
807 4257 934 4309 venator,
953 4243 1068 4301 ettamen
1087 4256 1185 4299 tentum
1203 4253 1235 4300 eh
1252 4255 1300 4301 ho·

184 4347 251 4392 mine
270 4345 318 4392 tuit
343 4347 459 4405 genitus,
479 4347 575 4394 tiones.
595 4347 626 4406 X,
652 4349 678 4400 s,
716 4347 770 4392 Nec
788 4344 1012 4399 Abrehemue,
1031 4355 1078 4390 nec
1106 4342 1234 4400 Nosse,
1252 4357 1300 4392 nec

181 4433 348 4483 celeberrimi
366 4437 416 4482 virt
442 4440 488 4483 eut
508 4435 658 4495 regem-uti
681 4435 830 4488 Gedeon,
850 4433 990 4480 Semeon
1009 4435 1051 4480 vel
1071 4431 1229 4480 Derides
1258 4436 1302 4482 elii

183 4527 303 4580 tuorum,
322 4539 398 4585 quem
420 4527 535 4574 homines
552 4525 583 4572 eh
596 4525 742 4572 hominihus
762 4524 853 4582 geniti.

135 4607 162 4673 ¹¹)
183 4613 335 4662 Commente
353 4616 512 4662 leudetorum
528 4615 679 4675 populorum
693 4615 725 4660 de
740 4615 870 4682 stupende
881 4611 967 4658 mundi
985 4611 1140 4691 untiquitete
1155 4617 1182 4658 et
1200 4614 1299 4660 enormi

184 4701 420 4760 antiquissimorum
454 4705 581 4752 hominnm
600 4705 669 4750 vitoe
695 4703 828 4750 duretione
853 4700 987 4760 eperietim
1019 4705 1166 4750 enumerate
1190 4701 1304 4755 invenies

1018 4805 1087 4856 25⁶
