3092 5286
260 433 336 510 156

537 608 1165 684 §.trimestriummense

350 761 410 824 llst
425 779 487 822 nou
504 778 611 824 omnes
626 759 771 824 notiones
786 759 933 844 operibus
948 757 1213 844 archaeulogicis,
1235 779 1316 843 quae
1332 764 1441 823 statum

256 865 344 932 orbis
366 866 489 952 antiqui
512 874 671 932 externum
693 873 889 953 proponunt,
913 865 1108 934 sufficienter
1130 887 1189 950 pro
1212 868 1442 950 interpretanda

258 995 286 1039 s.
303 974 473 1060 Scriptura
487 975 706 1056 illustrantur,
728 974 881 1058 imprimis
896 973 1044 1060 religiosa
1061 974 1220 1060 cogitandi
1234 975 1318 1038 ratio
1334 975 1442 1040 aetatis

256 1081 392 1148 biblicae
402 1082 491 1166 justo
507 1085 608 1149 minus
623 1085 655 1147 in
670 1083 902 1172 Arcbacolugia
921 1083 1053 1148 tractari
1077 1082 1250 1147 consuevit.
1279 1085 1442 1166 Quaprop-

257 1195 327 1272 ter,
351 1195 384 1255 et
406 1191 479 1274 quia
501 1191 625 1256 aliunde
648 1191 852 1275 interpretem
875 1189 1011 1274 peritum
1034 1189 1122 1274 ipsos
1143 1191 1267 1274 tontes,
1293 1212 1311 1255 e
1335 1191 1443 1273 quibus
1531 1183 1532 1242 ἶ

256 1299 468 1386 Archaeologi
482 1301 625 1380 hausere,
644 1299 732 1365 adire
748 1303 886 1383 oportet,
907 1299 964 1363 abs
979 1320 1014 1364 re
1030 1320 1092 1364 non
1108 1298 1180 1378 erit,
1197 1318 1252 1364 eos
1269 1299 1382 1382 paucis
1398 1299 1443 1362 in·

256 1406 407 1492 digitare,
430 1429 468 1474 ex
484 1408 595 1494 quibus
610 1412 760 1474 nationes
773 1411 954 1493 relipiosac
971 1405 1165 1490 Gentilium,
1188 1407 1401 1474 Judceorom
1415 1411 1443 1470 ct
1531 1483 1532 1496 χ

257 1518 519 1584 arumnorum
541 1518 694 1600 petendae
717 1523 800 1582 sunt.

512 1732 541 1802 s.
558 1729 615 1791 tta
630 1729 727 1792 torua
743 1730 868 1791 culturas
883 1731 1030 1804 reddasne
1045 1729 1196 1790 mmm

349 1895 520 1979 0pinioues
536 1895 704 1982 religiosae
721 1895 927 1961 Graecorum
948 1899 980 1960 et
995 1897 1222 1962 Romanorum
1241 1915 1279 1958 cx
1298 1895 1445 1977 operibus

262 2001 475 2068 classicorum
490 2005 599 2069 barum
620 2003 759 2091 gentium
780 2007 975 2089 repetuntur.
1004 2003 1207 2068 Eruditurum
1230 2001 1350 2088 placita
1369 2002 1447 2066 laci·

257 2111 320 2176 lius
337 2112 486 2198 cognosci
509 2135 570 2177 nun
594 2117 745 2198 possunt,
769 2134 860 2196 quam
877 2136 894 2180 e
910 2113 1169 2196 pbilosophorum
1193 2111 1341 2194 scriptis,
1367 2111 1448 2175 inter

254 2241 336 2304 quae
352 2223 487 2288 eminent
503 2223 713 2288 Ciceronis
736 2225 775 2288 dc
796 2227 907 2288 natura
921 2223 1076 2302 Deorum,
1101 2224 1140 2286 dc
1156 2221 1345 2286 divinatione
1363 2222 1447 2285 etde

257 2326 373 2392 ciliciis
395 2329 488 2410 libri,
511 2328 603 2412 p'lura
625 2349 723 2412 porro
744 2329 858 2394 Plato
883 2333 916 2395 et
938 2329 1150 2414 Epictetus
1173 2328 1345 2392 illustrant.
1372 2328 1448 2393 (lum

256 2457 334 2502 vcro
350 2457 376 2500 s.
395 2437 561 2523 Scriptura
574 2439 660 2524 vulgi
675 2439 781 2522 potius
799 2440 962 2522 opiniones
978 2438 1121 2526 attingat,
1138 2440 1178 2502 ad
1191 2439 1271 2502 istas
1286 2437 1448 2503 illustran-

258 2545 314 2610 das
337 2545 505 2629 praecipue
520 2545 653 2611 Ovidii
677 2549 965 2632 metamorphoses,
988 2547 1160 2611 [luciani
1184 2545 1319 2632 dialogi,
1345 2569 1449 2612 come·

258 2653 328 2719 diae
353 2653 654 2739 Aristophanis,
677 2655 826 2736 Plauti,
851 2654 1039 2720 Terentii
1063 2659 1124 2719 etc.
1149 2655 1295 2718 servient.

351 2763 434 2844 Quid
453 2763 641 2831 orientales
652 2766 823 2846 senserint,
840 2785 899 2828 uos
915 2765 1028 2828 docent
1045 2764 1130 2827 circa
1141 2762 1231 2848 plura
1247 2785 1274 2827 e.
1287 2784 1320 2849 g.
1336 2766 1451 2829 Astro-

259 2870 385 2960 logiam,
401 2878 612 2959 &truamur
624 2875 735 2961 dorm
750 2881 783 2942 et
793 2877 1044 2960 Abulscrapiua,
1067 2894 1164 2959 porro
1180 2874 1261 2938 liber
1275 2877 1321 2939 de
1333 2885 1450 2958 myste-

256 2985 322 3048 riis
345 2985 586 3050 Gbaldueerum
614 2996 647 3050 ct
666 2985 917 3069 Aepyptioram,
941 2983 996 3068 qui
1017 2985 1230 3063 Jomblicbiu,
1260 2982 1449 3067 pbilosopbc

256 3089 359 3175 Syro,
386 3092 591 3175 adscribitur,
616 3099 647 3158 ct
669 3094 832 3178 opiniones
852 3094 1013 3178 gnosticas
1035 3093 1067 3156 in
1094 3093 1170 3157 Asia
1196 3091 1311 3156 minori
1339 3091 1446 3156 obvias

256 3203 376 3264 tractat
388 3199 430 3289 ¹).
463 3204 644 3270 Zoroastri
666 3202 830 3268 doctrinae
852 3204 891 3266 de
916 3203 1116 3268 daemonibus
1139 3205 1171 3266 et
1197 3201 1448 3280 lustrationibus,

255 3329 334 3392 quae
359 3332 395 3374 ex
421 3313 663 3380 zoua-Acesta
687 3316 934 3400 cognoscuntur,
959 3333 1017 3397 pro
1046 3310 1306 3396 interpretatione
1335 3310 1450 3376 biblica

258 3436 320 3480 nun
337 3423 444 3481 carent
460 3419 608 3484 utilitate.

344 3527 464 3604 Quibus
490 3525 685 3612 adjungimus
712 3530 908 3610 itinerario,
936 3546 1016 3611 quae
1040 3528 1123 3591 baud
1144 3547 1234 3606 raro,
1258 3525 1336 3590 licet
1357 3527 1449 3612 lunge

254 3633 444 3698 recentioris
460 3635 524 3698 sint
540 3638 670 3716 aetatis,
687 3636 823 3718 antiquis
838 3641 942 3700 tamen
962 3636 1174 3714 documentis,
1199 3655 1225 3698 e.
1250 3655 1282 3720 g.
1310 3635 1449 3719 inscrip-

253 3739 392 3805 tionibus
413 3742 565 3828 rcb'gicsa
587 3741 833 3824 continentibus,
856 3743 1028 3824 abundant,
1053 3745 1168 3828 etjam
1190 3743 1261 3806 ideo
1290 3764 1354 3806 non
1377 3747 1449 3807 suut

253 3847 454 3934 negligenda,
485 3850 558 3934 quia
586 3850 762 3916 Orientales
789 3857 916 3917 tenaces
944 3857 1016 3916 sunt
1040 3852 1253 3936 antiquitatis,
1277 3850 1324 3914 ita
1351 3855 1388 3915 ut
1417 3852 1446 3914 in

253 3977 361 4020 eurum
388 3957 468 4021 locis
490 3979 551 4022 nou
576 3959 693 4040 omnia,
718 3980 797 4044 quae
811 3961 957 4046 vigebant
973 3965 1076 4024 aetate
1091 3959 1222 4040 biblica,
1250 3959 1445 4042 disparuisse

253 4064 407 4128 censenda
422 4067 495 4130 sint.

341 4175 481 4260 Denique
497 4179 689 4242 nominamus
704 4180 880 4243 historicos
895 4181 1108 4259 amputares,
1134 4177 1187 4261 qui
1208 4181 1339 4261 praeter
1361 4175 1447 4240 iacta

249 4281 412 4364 opiniones
435 4306 559 4369 quoque
575 4287 742 4371 religiosas
763 4285 905 4349 referunt
922 4285 972 4349 vel
989 4291 1075 4349 certe
1091 4286 1267 4372 attingunt,
1293 4304 1373 4366 quae
1397 4285 1446 4348 lu·

252 4411 319 4454 cem
336 4412 394 4474 pro
413 4413 438 4456 s.
457 4394 624 4476 Scriptura
641 4395 828 4460 illustranda
842 4396 994 4479 praebent
1006 4388 1049 4480 ²).

276 4551 302 4619 ¹)
321 4556 382 4622 Sic,
407 4562 550 4622 quasitot.
572 4561 636 4618 le,
666 4563 708 4610 1⁰.
730 4576 787 4625 squ.
815 4561 964 4610 referuntur
994 4561 1027 4608 de
1054 4559 1207 4607 Bernaba
1234 4563 1260 4607 et
1287 4559 1403 4612 Paulo,
1430 4569 1445 4602 a

321 4651 502 4708 besuensibus
529 4666 576 4715 pro
606 4654 687 4703 Jove
715 4657 741 4703 et
765 4654 933 4704 blercurtu
969 4651 1079 4712 habitis,
1108 4650 1272 4698 illustrantur
1299 4663 1331 4698 ex
1359 4644 1445 4698 Ovidii
