3112 5284
233 423 313 496 tut

359 601 504 648 Concilium
523 603 710 648 buter-anenno
729 599 757 645 V.
777 598 850 646 Sena.
872 599 915 646 xl.
939 600 1004 646 lruuc
1023 601 1115 648 statuit
1133 601 1233 658 legen:
1264 601 1418 648 umanum

304 693 424 742 omnibus
450 693 508 752 (qni
528 691 700 750 evangelicam
725 691 856 736 vertutum
875 690 993 748 populum
1015 691 1116 736 ducturi
1135 693 1216 750 siut),
1244 696 1273 737 act
1294 689 1417 752 Scriptu-

199 781 201 786 '
304 799 364 830 ram
377 784 461 844 pcc-ata
480 780 731 842 interpretationem
752 779 910 835 Doctorum,
941 793 1006 841 quos
1028 780 1148 827 Ecclesia
1167 780 1211 826 ccl
1229 793 1295 828 uass
1315 781 1418 828 diutar-

302 887 352 920 nae
372 871 549 934 approbavit,
569 895 603 904 -
624 869 768 932 explanent
791 865 877 931 (Eril
896 870 912 914 l.
929 882 950 914 c.
970 869 1041 916 Eum.
1059 871 1078 916 l.
1097 883 1122 929 p.
1138 868 1205 934 aa).

811 1049 842 1096 li.

234 1161 342 1212 nano
361 1159 606 1209 AETEENTICAE
624 1157 970 1208 turonensrrrrours
987 1157 1178 1206 accursus
1199 1157 1420 1207 carnencas.

307 1323 335 1388 s.
353 1319 401 1377 lll.
417 1317 536 1378 tecleda
552 1316 686 1375 catholica
701 1317 780 1374 naria
793 1317 901 1375 raucae
916 1328 1023 1374 ramam
1036 1316 1203 1390 scripturam
1217 1317 1340 1388 expcnn

317 1465 437 1545 Quodsi
453 1466 559 1549 itaque
575 1463 720 1527 Ecclesia
735 1461 891 1526 catholiea
912 1463 1092 1526 authentica
1114 1469 1163 1526 est
1179 1482 1206 1526 a.
1222 1463 1412 1548 scripturae

236 1577 404 1659 interpres,
429 1573 640 1658 quaerendum
656 1591 753 1654 porro
769 1576 834 1650 est,
858 1573 1013 1656 quomedo
1029 1571 1321 1656 interpretationem
1336 1573 1420 1636 sacri

236 1684 356 1748 codicis
372 1685 454 1746 edat.
483 1681 647 1745 Rationem
664 1681 747 1762 quod
763 1679 889 1757 attinet,
907 1699 969 1761 qua
983 1679 1126 1746 Ecclesia
1142 1681 1300 1746 catholica
1316 1700 1422 1746 sacras

238 1791 346 1855 literas
360 1791 496 1874 exponit,
509 1789 571 1873 ipsi
582 1795 647 1852 tum
658 1790 846 1871 pectoralem
857 1789 1034 1878 earumdem
1045 1789 1349 1874 interpretationem,
1360 1796 1425 1854 turn
1535 1825 1536 1884 ;

231 1903 397 1984 spectatas
410 1900 496 1963 cirea
506 1915 631 1962 sensum
644 1897 789 1960 biblicum
801 1896 978 1962 decisiones
994 1897 1025 1960 in
1038 1899 1177 1980 acceptis
1188 1899 1369 1962 referimus.
1385 1900 1425 1962 Et

230 2010 362 2091 primurn
379 2009 519 2092 quidem,
543 2007 616 2090 quia
635 2009 723 2070 recta
744 2025 770 2068 s.
793 2005 978 2087 scripturae
999 2006 1207 2092 intelligentia
1228 2008 1267 2072 ab
1284 2011 1426 2090 Aposto-

234 2119 336 2182 lorum
353 2136 523 2198 eormnqne
535 2113 761 2196 discipulorum
779 2113 976 2178 institutione
991 2135 1046 2180 ore
1062 2117 1178 2180 tradita
1194 2118 1334 2200 pendere
1351 2118 1423 2180 iude

236 2225 378 2308 oprimis
394 2223 589 2306 temporibus
604 2222 718 2286 merito
736 2223 934 2301 credebatur,
959 2243 997 2288 eo
1017 2224 1086 2306 ipso
1102 2225 1244 2288 Ecclesia
1267 2225 1425 2290 catholiea

230 2334 402 2420 generatim
426 2354 452 2396 s.
469 2332 665 2413 scripturam
682 2331 837 2414 explicare
852 2333 984 2396 dicenda
1000 2339 1065 2415 est,
1099 2338 1211 2416 utpute
1226 2355 1307 2416 quae
1323 2340 1424 2398 toturn

231 2442 306 2508 lidei
327 2441 504 2524 depositum
528 2462 564 2504 ex
586 2441 693 2502 eadem
720 2440 789 2502 viva
811 2440 1035 2522 Apostolorum
1057 2441 1290 2524 praedieatione
1313 2463 1425 2525 aceep-

232 2557 297 2616 tum
314 2550 380 2613 sinc
404 2549 487 2612 omni
503 2547 716 2612 immutatione
738 2568 774 2611 ae
791 2549 910 2612 erroris
932 2549 1119 2614 admixtione
1139 2549 1171 2612 in
1196 2549 1266 2612 sinu
1288 2571 1349 2614 suo
1369 2571 1422 2614 cu·

232 2660 331 2723 studit
348 2664 380 2720 et
396 2657 583 2720 eredendum
600 2656 760 2738 proponit.
788 2657 866 2720 Dein
884 2678 921 2720 ea
945 2679 1070 2742 quoque
1090 2679 1217 2722 munere
1237 2657 1422 2742 interpretis
1472 2683 1474 2688 ·

232 2789 258 2832 a.
276 2768 459 2850 Scripturas
481 2765 610 2848 speciali
632 2765 755 2828 ratione
777 2765 932 2849 iungitur,
955 2767 1028 2830 dum
1045 2767 1145 2830 eidem
1165 2767 1330 2832 traditioni
1346 2787 1424 2849 apo·

233 2877 367 2942 stolicae
392 2875 541 2939 insistens
568 2893 695 2938 sensum
723 2873 870 2936 biblicum
894 2873 979 2938 eirca
1004 2875 1142 2960 singulas
1165 2875 1331 2938 doctrinas
1352 2873 1425 2939 fidei

236 2992 268 3050 et
283 3005 403 3050 morum
414 2985 463 3048 vel
480 3004 537 3066 per
551 2985 685 3048 decreta
704 2983 940 3065 conciliorum,
964 2981 1014 3048 vel
1037 3004 1094 3065 per
1115 2987 1309 3048 unanimem
1323 3005 1425 3050 eone·
1535 2959 1536 2986 ¹

236 3106 343 3159 torum
354 3094 495 3157 Patrem
512 3111 719 3169 comensem,
735 3087 783 3151 vel
800 3089 933 3174 denique
948 3111 1007 3172 per
1017 3093 1241 3156 universalem
1254 3093 1336 3176 field
1348 3114 1425 3175 pro·

230 3205 415 3287 sessionem
430 3223 472 3266 uc
494 3218 592 3266 umen
604 3247 613 3280 ,
646 3199 677 3262 in
699 3197 968 3262 administratione
989 3199 1261 3264 sacramentorum
1285 3205 1320 3262 et
1343 3201 1427 3263 cultu

235 3313 385 3397 religioso
413 3311 628 3386 observatum,
665 3305 783 3372 delinit.
814 3307 860 3370 lle
887 3307 1000 3392 quibus
1022 3307 1087 3391 jam
1114 3308 1299 3394 singillatim
1328 3329 1425 3394 pauca
1535 3329 1536 3370 r

236 3420 386 3482 dicemus.

785 3579 811 3647 §0
830 3573 881 3634 lib.

311 3707 332 3760 l.
361 3702 575 3760 GENERATlM
596 3703 667 3758 PER
686 3702 899 3761 DEPOSl'l'UM
917 3705 1027 3772 FlDEl,
1047 3705 1118 3762 SEU
1136 3703 1359 3760 ANAEOGlAM

597 3811 807 3868 DOCTRINAE
826 3812 1067 3868 cnrflomcna.

328 3961 364 4024 Si
374 3961 440 4044 jum
456 3981 494 4026 ea
509 3959 566 4035 iis,
591 3979 671 4044 quae
693 3960 854 4042 hueutque
877 3960 1118 4042 disputavimus,
1142 3961 1306 4026 notionem
1329 3964 1425 4045 depc-

238 4069 308 4148 siti,
333 4071 416 4152 quod
442 4067 474 4131 in
502 4067 646 4130 Ecclesia
667 4067 823 4144 catholica
851 4070 1045 4148 custoditur,
1068 4067 1163 4152 lidei,
1187 4068 1319 4153 ejusque
1336 4071 1375 4132 ad
1401 4090 1425 4131 s.

239 4178 434 4260 scripturam
452 4177 633 4240 relationem
650 4177 749 4258 probe
766 4179 962 4262 cognoveris,
985 4177 1077 4242 facile
1093 4179 1268 4263 intelliges,
1294 4185 1425 4264 quanto·

239 4304 315 4370 pere
342 4307 400 4371 per
434 4285 510 4348 illud
546 4285 708 4348 doetrinae
734 4285 868 4348 biblicae
895 4287 1113 4370 interpretatio
1143 4287 1316 4370 adjuvetur.
1351 4286 1428 4366 Quia

241 4394 321 4458 enirn
335 4393 511 4480 depositum
526 4389 599 4456 lidei
617 4392 700 4455 aliud
716 4415 775 4457 non
793 4399 851 4472 est,
876 4413 965 4477 quam
981 4395 1227 4476 Apostolorum,
1253 4395 1307 4477 qui
1323 4393 1427 4459 alesu

241 4500 369 4566 Christo
386 4499 493 4583 missi,
517 4521 536 4564 a
553 4499 675 4586 Spiritu
692 4521 717 4567 s.
734 4501 885 4566 illustrati
902 4509 933 4566 et
951 4501 1124 4567 confirmati
1141 4507 1223 4583 sunt,
1247 4505 1425 4586 mordica-

238 4618 286 4682 tio
304 4615 339 4674 in
354 4616 430 4678 otoo
446 4614 619 4676 Ecclesiae
641 4611 841 4692 Mopisterio
856 4623 1016 4693 perpetuo
1036 4615 1233 4695 schamtona,
1258 4624 1289 4677 et
1306 4633 1428 4676 omnem
