3112 5284
1214 406 1291 482 303
1312 519 1316 528 ἡ

128 577 170 665 d)
195 580 382 644 Praesertim
406 600 481 644 uero
505 601 541 644 eo
568 582 718 662 enitatur,
743 585 777 643 ut
801 582 915 645 lactum
933 585 1089 645 narratum
1107 584 1195 666 qnasi
1212 604 1290 647 ocu-

197 688 235 751 lis
260 669 512 771 conspiciendum
538 689 697 767 exhibeat,
721 691 860 772 adeoque
897 710 931 755 sc
955 699 986 753 ct
1010 711 1081 768 cos,
1106 691 1135 753 in
1160 711 1289 772 quorum

194 798 326 882 gratiam
357 797 594 881 explicationem
625 799 775 882 suscipit,
806 798 837 860 in
863 795 1112 863 circumstantias
1142 799 1232 880 lacti,
1257 807 1291 863 ut

197 905 241 968 ita
264 906 380 982 dicam,
404 907 584 970 transierat.

195 1017 225 1077 2.
249 1013 328 1076 Dein
351 1015 422 1078 hinc
447 1014 518 1078 inde
542 1036 603 1078 non
620 1015 737 1097 absque
753 1037 789 1079 re
806 1016 875 1097 erit,
900 1017 931 1079 in
948 1036 1058 1080 causas
1074 1022 1233 1082 morantes
1249 1019 1289 1080 ad

102 1124 258 1187 actionem
273 1117 316 1211 ⁸),
340 1129 394 1188 ant
409 1123 503 1188 fidem
519 1126 709 1190 narrationis
725 1127 907 1191 historicam
927 1127 1095 1211 inquirere,
1120 1133 1173 1192 aut
1191 1149 1289 1215 gene·

102 1232 196 1294 ratim
220 1233 367 1311 indicare,
392 1235 546 1315 quomodo
570 1234 697 1315 factum,
722 1233 805 1317 quod
821 1235 968 1314 retertur,
993 1236 1173 1318 capiendum
1191 1237 1287 1316 situ.

194 1339 233 1426 3)
258 1340 336 1406 Cum
351 1341 528 1428 gravissimi
545 1341 691 1406 momenti
704 1343 787 1407 facta
804 1345 968 1427 utriusque
983 1343 1122 1409 foederis
1139 1347 1202 1410 sint
1224 1351 1288 1409 mi-

100 1453 237 1526 racula,
268 1451 306 1514 de
331 1470 439 1522 eorum
470 1451 664 1534 expositione
698 1449 862 1536 speciatim
884 1453 1045 1534 sequentia
1068 1454 1288 1537 praecipienda

101 1559 263 1622 videntur:
977 1615 1001 1634 7.

124 1667 167 1750 α)
192 1667 308 1732 Caveat
331 1666 392 1730 sihi
411 1667 568 1751 interpres
591 1687 618 1730 s.
643 1667 844 1751 Scripturas,
868 1689 907 1730 ne
923 1669 1072 1732 miracala
1089 1668 1219 1749 inferat,
1236 1673 1290 1736 uhi

194 1780 306 1838 auctor
334 1793 424 1838 sacer
453 1775 529 1839 talia
563 1796 691 1840 narrare
716 1797 777 1840 non
801 1777 952 1855 intendit,
976 1798 1033 1840 nec
1057 1776 1211 1858 eliminet,
1236 1781 1289 1843 uhi

192 1881 246 1946 ille
269 1883 345 1946 talia
368 1883 415 1946 rei
439 1889 582 1946 narratae
606 1883 709 1946 inesse
734 1884 802 1966 ipse
826 1883 947 1946 censuit
960 1883 1003 1968 ε).

122 1992 164 2075 o)
187 1991 359 2077 oignoseat
388 1991 536 2054 miracula
563 1996 616 2054 aut
644 2013 680 2055 cx
705 1991 860 2054 narrantis
896 1991 1130 2072 declaratione,
1168 2000 1221 2058 aut
1251 2017 1288 2058 ex

191 2102 268 2165 lacti
290 2102 412 2181 indole,
443 2108 496 2166 aut
527 2124 563 2166 cx
587 2102 775 2166 narrationis
801 2108 947 2168 contextu
960 2104 1002 2185 ³).
1051 2104 1147 2183 Sunt,
1179 2107 1287 2189 quiin

192 2209 421 2273 narrationibus
438 2209 657 2274 miraculorum
674 2211 757 2274 inter
767 2209 920 2292 judicium
936 2212 1142 2297 hagiographi
1159 2218 1190 2276 et
1206 2213 1289 2277 alio-

191 2339 279 2396 rum,
303 2339 433 2401 quorum
458 2320 564 2402 opinio
594 2319 747 2398 refertur,
771 2320 821 2382 rel
844 2321 928 2383 inter
951 2320 1027 2384 illud
1052 2327 1083 2385 et
1107 2342 1212 2386 verum
1241 2324 1288 2390 rei

191 2431 332 2492 eventum
362 2428 432 2492 hinc
463 2427 535 2491 inde
566 2425 817 2514 distinguendum
848 2447 918 2491 csse
949 2429 1125 2492 existiment
1136 2426 1184 2515 ⁷),
1213 2451 1288 2514 per-

189 2548 294 2620 peram
319 2541 508 2615 statuentes,
533 2542 692 2600 auctorem
709 2557 830 2601 sacrum
854 2535 902 2600 uel
928 2537 1103 2621 opinionem
1129 2539 1216 2625 vulg-i
1232 2561 1284 2604 re-

190 2647 319 2727 tulisse,
344 2645 418 2730 quin
441 2643 502 2708 sihi
524 2643 706 2708 miraculum
729 2665 912 2728 persuasum
928 2645 1074 2726 haberet,
1097 2648 1146 2710 vel
1164 2655 1284 2730 contra,

191 2755 374 2819 miraculum
401 2755 525 2840 quidem
550 2755 721 2818 credidisse
745 2761 777 2818 ct
800 2773 928 2818 narrem
950 2756 1105 2833 voluisse,
1129 2763 1178 2819 ast
1203 2758 1287 2820 veri·

189 2869 286 2928 tatem
310 2864 492 2928 historicam
509 2884 571 2926 nou
587 2863 740 2948 attigisse.

122 2973 160 3056 c)
185 2971 353 3050 Ostendat,
379 2993 440 3054 quo
468 2970 584 3033 lactum
600 2976 756 3035 narratum
773 2972 855 3033 vires
873 2975 1000 3033 naturae
1024 2973 1169 3051 excedat,
1196 2977 1227 3034 et
1254 2974 1285 3035 in

189 3100 250 3161 quo
268 3080 411 3143 miraculi
423 3079 545 3143 indoles
561 3080 604 3143 sit
622 3080 736 3160 posita.
783 3082 852 3158 Quo
868 3080 900 3141 in
916 3080 1043 3164 negotio
1061 3099 1140 3163 quae
1156 3101 1192 3143 ex
1210 3101 1284 3143 cau-

189 3189 233 3250 sis
257 3188 449 3250 naturalibus
472 3193 604 3272 possunt
637 3187 800 3270 explicari,
832 3209 868 3251 ex
893 3185 942 3250 his
968 3193 1116 3270 exponat,
1141 3210 1209 3250 cum
1241 3190 1283 3252 sit

188 3295 337 3360 naturalis
360 3299 516 3380 expositio
542 3297 644 3360 ordini
660 3297 874 3380 providentiae
892 3296 1012 3360 divinae
1036 3297 1190 3360 communi
1206 3319 1284 3361 cou-

186 3412 349 3487 sentanea‚
374 3407 621 3488 supernaturalis
636 3427 710 3470 vero
732 3407 945 3487 exceptionem
968 3426 987 3466 a
1010 3405 1128 3469 viribus
1152 3411 1280 3470 naturae

188 3521 358 3597 supponat,
375 3515 515 3596 adeoque
538 3521 605 3576 tum
633 3514 733 3577 solum
750 3515 932 3577 assumenda
956 3515 1014 3592 sit,
1038 3514 1161 3595 quando
1177 3519 1284 3577 textus

187 3643 278 3686 sacer
302 3644 368 3686 eam
391 3623 556 3687 manifesto
581 3623 720 3706 postulat
735 3617 777 3709 ⁸).

187 3733 219 3796 4.
242 3732 383 3816 Denique
400 3753 468 3794 cum
484 3733 618 3796 historia
640 3732 683 3796 sit
706 3731 789 3794 vitae
808 3731 973 3818 magistra,
999 3732 1104 3816 utique
1121 3753 1179 3814 pro
1196 3732 1283 3814 ejus-

92 3843 163 3904 dem
193 3859 252 3904 usu
281 3861 338 3903 nec
362 3839 531 3924 theologus
556 3839 694 3925 negligat
716 3840 891 3926 inquirere,
916 3841 989 3925 quid
1015 3863 1032 3903 e
1056 3841 1140 3904 lacto
1160 3843 1284 3924 penitus

93 3948 211 4012 etrite
235 3949 360 4033 cognito
384 3949 565 4011 discendnm
590 3948 648 4030 sit,
681 3951 858 4031 etquidem
882 3950 912 4012 in
936 3949 1042 4031 specie
1067 3951 1187 4012 ratione
1210 3951 1279 4030 Dei,

92 4056 263 4139 suiipsius
288 4061 320 4119 et
341 4056 474 4121 aliorum
499 4057 658 4120 hominum
672 4053 712 4142 ⁹).

124 4252 148 4320 ¹)
169 4257 213 4304 Stc
233 4271 258 4304 a.
281 4270 315 4318 p,
335 4259 358 4305 ai
379 4259 490 4306 historia
508 4259 718 4306 resuscitationis
745 4259 836 4305 haaari
851 4262 893 4305 vel
918 4261 1097 4307 conversionis
1117 4259 1186 4305 Sauli
1201 4271 1280 4316 expo-

46 4395 50 4400 ,
168 4349 252 4393 nenda
269 4353 425 4407 occupatur,
445 4353 504 4395 ante
520 4351 605 4396 omnia
627 4350 730 4406 videat,
751 4351 776 4394 iu
794 4363 843 4408 quo
860 4351 931 4409 juxta
952 4350 1031 4396 verba
1050 4351 1177 4398 narrantis
1204 4348 1279 4394 loun.

167 4435 208 4482 Xl.
228 4439 267 4484 vel
287 4440 343 4484 Act.
364 4439 404 4485 tx.
423 4441 518 4484 lactum
536 4439 680 4492 consistat,
701 4442 727 4483 et
746 4451 809 4496 quae
827 4439 879 4484 sint
893 4441 1014 4499 adjuncta
1033 4443 1127 4485 notata.

121 4519 149 4588 Ι)
170 4527 290 4586 Exempla
309 4531 374 4577 haec
394 4536 489 4577 sunto:
509 4529 635 4589 Adiuncto
654 4531 850 4589 praetermissa,
870 4529 974 4579 breuius
993 4530 1132 4588 perstricta
1149 4533 1175 4574 at
1193 4529 1277 4575 minus

167 4620 305 4677 perspicua
323 4620 348 4665 in
368 4621 535 4666 conversione
547 4618 615 4666 Sauli
627 4623 680 4666 het.
693 4619 733 4674 lll,
755 4620 780 4664 3.
801 4633 857 4680 sqq.
878 4633 909 4665 ex
924 4621 980 4665 loco
996 4619 1187 4677 parallelnnct.
1200 4619 1276 4679 xxm,
