3118 5282
235 403 312 478 :tlt

360 586 390 631 tt.
412 584 565 632 Solonion
592 587 708 642 isene,
736 585 856 632 lereti
879 585 979 642 eltutus,
1015 587 1058 646 qni
1083 588 1191 636 sseonlo
1216 587 1271 634 llll.
1298 590 1325 634 in
1346 588 1426 636 (tellis

306 673 406 732 floruit,
436 678 556 724 lsndstnr
584 675 615 722 ob
641 679 809 722 ooneervstss
829 677 989 735 entiqnoruru
1008 678 1256 738 interpretaione,
1285 680 1355 726 unde
1379 693 1427 724 non

308 779 370 815 rsro
398 769 518 814 convenit
545 779 601 812 eum
631 779 653 814 s.
678 767 842 824 Hieronymo.
889 767 917 812 ln
936 768 1150 826 interpretatione
1170 769 1252 828 surgis
1270 770 1429 828 theologisnt

306 857 451 914 initietur,
473 869 547 917 quem
566 857 687 904 minuties
707 857 886 916 grsmmstless
905 859 1087 914 enuntietur,
1108 859 1154 905 set
1176 859 1252 906 nimis
1279 860 1429 907 trsniuont-

306 948 356 994 ltus
383 952 410 994 et
432 949 525 1006 mythis
551 948 693 996 telmndlois
722 949 846 1008 indulget.
893 947 983 994 lastlne
1010 959 1101 994 versus
1121 947 1247 996 edelstnr
1275 961 1291 994 e
1317 950 1429 996 lireit·

304 1039 420 1098 neopt,
441 1038 539 1086 ilotnse
561 1040 629 1086 litt
648 1051 703 1098 sqq.
723 1038 750 1085 in
769 1039 805 1086 lll
823 1037 1005 1086 rolnntlnlltns.

360 1145 391 1192 lt.
413 1145 490 1192 nevi
508 1146 575 1192 Bon
595 1145 749 1206 Gereon,
778 1145 885 1204 tlsllns,
915 1145 1100 1202 Prorinelslis,
1130 1149 1226 1196 seeenli
1245 1147 1313 1194 xlv.
1343 1147 1430 1207 plsilo·

309 1237 421 1297 sopitus,
440 1237 507 1283 lesui
525 1249 586 1284 rere
605 1235 769 1282 nsrretlones
789 1235 968 1282 ntrseniornn
987 1239 1128 1282 monens
1148 1239 1175 1283 et
1193 1238 1366 1296 detorquens.

359 1343 389 1391 li.
408 1344 516 1391 lesos
535 1345 601 1390 lien
620 1344 642 1388 Ν
648 1343 822 1400 seltmsnn,
844 1343 887 1402 qni
905 1343 1107 1391 l’entsteuehnnt
1131 1345 1269 1403 exposuit,
1299 1346 1430 1402 interpret

306 1436 430 1494 mysticus
450 1440 478 1483 et
496 1434 677 1482 ostiolistleus
697 1437 753 1494 est,
772 1445 960 1493 nonnumquam
973 1436 1058 1481 temen
1071 1435 1236 1494 gremmetioe
1250 1438 1278 1482 et
1291 1435 1432 1483 literuliter

307 1526 503 1586 interpretetur.

359 1633 389 1680 lt.
407 1633 528 1681 lieoltsl
549 1633 646 1692 puriter
663 1632 865 1678 Pentsteuelrnrn
884 1631 1035 1694 litersiiter,
1061 1633 1198 1693 ellegerlee
1219 1638 1246 1682 et
1265 1632 1432 1680 etbellistiee

309 1723 439 1785 exposuit.
476 1725 579 1770 l’ertem
598 1722 784 1782 expositionis,
805 1734 871 1782 quse
890 1721 1002 1768 literulis
1029 1727 1083 1783 eet,
1110 1722 1300 1770 ltieheruns
1322 1723 1432 1770 Simon

308 1814 377 1874 typis
397 1813 497 1873 dignen
515 1813 602 1862 hebet.

360 1921 492 1970 (lelelnior
506 1923 555 1970 init
574 1921 885 1982 insanierunt,
905 1923 981 1969 ustus
990 1921 1146 1982 Ulyssipone
1160 1923 1185 1969 in
1195 1923 1329 1970 budtsnis
1340 1923 1434 1977 tter,

307 2011 374 2072 stylo
394 2012 496 2072 qnltlern
523 2025 588 2072 puro
611 2016 638 2059 et
657 2012 745 2070 lseill,
775 2011 822 2058 eei
849 2011 944 2060 inslori
969 2017 995 2060 et
1013 2014 1128 2060 oratorio
1153 2015 1260 2071 prseter
1278 2013 1330 2058 elis
1351 2025 1435 2072 opers

307 2103 385 2152 etism
403 2103 604 2150 Commentarios
623 2103 650 2148 in
669 2115 693 2148 s.
715 2101 876 2162 Scriptorum
895 2101 1066 2158 elntniirsrit,
1094 2104 1120 2148 in
1139 2102 1233 2162 quibus
1252 2104 1362 2150 uollstis
1382 2116 1430 2149 sn·

307 2197 434 2255 tiquorunt
452 2192 595 2250 leboribue,
616 2205 681 2253 qnos
710 2205 802 2252 usgue
820 2192 944 2242 libertete
962 2193 1100 2253 uijnnioet,
1130 2207 1162 2241 ex
1180 2193 1221 2240 sni
1239 2193 1326 2254 ipsius
1345 2195 1435 2242 unti-

307 2284 388 2330 tionis
407 2284 531 2330 thessere
550 2283 643 2330 multos
663 2295 740 2330 senes
759 2283 938 2342 expositiones
965 2284 1052 2343 sitiit,
1072 2284 1180 2330 insertis
1208 2284 1286 2330 etiem
1312 2284 1432 2343 pluribus

308 2372 502 2432 qusestionibus
521 2371 699 2420 subtilioribus
719 2375 746 2418 et
764 2371 899 2426 insnlbns,
917 2371 1009 2432 polim
1028 2374 1096 2420 hentl
1114 2385 1196 2432 penos
1214 2386 1325 2432 esperes
1351 2379 1428 2432 sunt,

308 2473 374 2524 quse
392 2463 519 2510 lnlmleum
537 2462 621 2523 ipsius
641 2464 667 2510 in
687 2461 850 2510 christlsnos
870 2462 979 2509 selmum
998 2463 1119 2523 produnt.

360 2573 389 2619 ll.
409 2570 609 2618 llsrloeltsl
646 2571 711 2619 lien
731 2571 886 2628 Miner,
915 2571 1218 2631 constantinopolitane
1238 2571 1338 2618 eseouli
1357 2572 1437 2626 xlv„

308 2661 497 2710 commentsrie
506 2661 706 2712 Pentetenehuns
720 2661 861 2708 litoreliter
872 2672 1002 2720 exponere
1011 2662 1112 2721 studet,
1131 2663 1159 2708 et
1168 2661 1281 2708 eliorum
1296 2662 1433 2709 noetornn

310 2751 478 2800 ludsieornm
491 2751 723 2811 interpretstiones
737 2751 868 2811 dijudicet.

310 2869 315 2880 ·
362 2861 394 2908 ii.
414 2860 603 2908 homiroso
624 2860 707 2907 etiltllt
719 2861 802 2907 Biblle
827 2859 963 2916 hebreice,
983 2861 1075 2920 quibus
1091 2860 1200 2917 ltreres,
1221 2862 1268 2908 seul
1286 2875 1370 2908 eones
1390 2877 1434 2908 ex·

308 2953 454 3013 positiones
473 2952 576 3012 sdjeoit.

362 3063 392 3109 lt.
413 3063 503 3109 Aben
521 3064 586 3110 Ben
605 3061 746 3118 lieleeb,
776 3063 915 3120 lliepnnne‚
946 3062 1050 3120 optimis
1068 3061 1436 3120 interpretstioniltnslitere-

309 3153 394 3208 libne,
416 3153 569 3212 preeeertlm
588 3165 619 3199 ex
638 3153 666 3198 tt
688 3152 787 3212 lude,
807 3151 837 3199 li.
858 3149 960 3210 lons,
987 3150 1081 3197 then
1108 3151 1194 3196 llere
1219 3154 1246 3198 et
1277 3152 1434 3201 Kimunio

309 3245 420 3304 ollisque
440 3243 561 3290 collectis
585 3241 799 3290 commentorium
820 3244 973 3301 perpetuu·
991 3243 1017 3288 ln
1029 3245 1110 3287 totum
1123 3253 1146 3287 s.
1165 3241 1329 3301 Soriptnrsrn
1344 3244 1433 3300 edidit,

309 3334 353 3396 qni
375 3332 464 3393 incline
483 3332 607 3380 ieiunio
631 3334 699 3380 torte
721 3333 854 3392 plerisque
878 3332 939 3380 silis
963 3331 1149 3391 prseterentius
1177 3335 1226 3378 est.
1263 3333 1351 3379 Editio
1378 3334 1434 3393 ejus

310 3423 536 3484 constentinopoli
558 3423 634 3470 titt.
653 3423 754 3469 nornine
779 3399 918 3495 ’ῃῖὗὲξῦ
935 3419 1093 3484 (Perfeots'o
1118 3420 1352 3485 pslelsre'tssde'oss's)
1373 3436 1434 3481 pro-

309 3516 367 3561 etit.
404 3514 491 3571 Alios,
521 3527 614 3562 sensns
643 3515 796 3574 ellegorieos
825 3520 852 3560 et
878 3511 1061 3560 esineltstieos
1085 3513 1142 3559 lere
1163 3513 1249 3558 solnm
1277 3517 1436 3570 quserestes

312 3605 443 3650 mittimus.

368 3712 436 3758 lleee
452 3724 533 3772 opere
547 3712 679 3772 exegettoe
693 3713 862 3771 interpretum
872 3711 1029 3758 ludaeorum
1045 3711 1135 3770 lingue
1149 3709 1281 3756 rebbinioe
1296 3714 1342 3756 snt
1364 3706 1434 3754 utri-

311 3801 355 3848 eili
374 3807 494 3866 exerets,
514 3805 631 3864 etleoque
659 3803 781 3864 spontis
802 3803 938 3850 intellectu
965 3806 1034 3849 eunt.
1072 3802 1152 3848 Multo
1180 3813 1271 3848 eorum
1290 3801 1434 3861 seperatim

311 3892 482 3952 prodierunt,
516 3895 598 3941 mults
623 3895 649 3940 ln
681 3895 721 3941 sle
750 3895 828 3940 dietle
857 3893 951 3942 lie'ile's's
972 3893 1135 3952 rotttetete,
1161 3904 1226 3952 quse
1248 3892 1436 3948 Bromberg

311 3981 426 4030 venetiis
452 3983 651 4031 1525-1520.
669 3988 696 4031 et
714 3985 861 4030 Buxtorl
882 3984 998 4030 lieeilete
1030 3983 1217 4030 tote-teto.
1243 3983 1315 4040 typis
1340 3982 1430 4040 vulge-

312 4078 389 4131 rnnt,
410 4077 513 4135 extent;
540 4075 619 4122 multe
642 4077 753 4136 (lenique
780 4089 795 4122 s
820 4075 971 4123 doctoribus
1001 4075 1149 4122 christienie
1174 4075 1201 4120 ln
1228 4073 1300 4120 sllee
1323 4075 1434 4133 linguon,

312 4167 416 4212 letinem
443 4166 610 4228 praesertim,
629 4168 758 4215 trsnslsts
787 4171 814 4213 et
841 4166 1054 4226 explicationibus
1079 4167 1209 4212 instructu
1227 4168 1434 4224 comparuerunt.

312 4257 496 4316 Expositioues
520 4255 676 4304 Judoeornm
695 4259 721 4302 ln
742 4269 817 4304 enum
838 4269 911 4304 nsum
932 4259 1115 4303 converterunt
1133 4254 1292 4310 Christisnl,
1320 4253 1435 4314 inprimis

314 4348 475 4406 interpretes
496 4345 769 4402 iudaea-christiani,
798 4353 875 4406 puts,
906 4346 1025 4394 sixtus
1052 4345 1241 4418 Senensis,
1270 4344 1435 4392 Nicolsns

312 4437 461 4495 lyrenue
481 4440 508 4486 et
526 4437 651 4486 Penius
665 4438 865 4499 Burgeneie.
