3112 5284
290 361 367 434 306

360 540 548 600 vargsbraehtc
566 535 600 604 9)
619 539 666 586 sut
681 538 727 586 das
749 537 891 586 Benehmsu
913 537 961 584 der
982 535 1168 598 Bethalllgtsna
1187 535 1223 602 h)
1240 539 1284 585 aul
1305 537 1342 586 tte
1361 538 1426 596 sigen

358 632 494 679 mamucha
519 629 746 690 hnumemnlrelt
763 630 810 676 der
832 627 1023 688 Bsgshsnhel23
1049 627 1080 690 t)
1098 630 1145 676 aul
1162 629 1205 675 dte
1226 630 1253 675 ln
1269 630 1311 676 der
1327 629 1428 688 Bagaten-

358 722 412 770 hslt
430 720 547 779 liugands
565 719 687 781 gdffllehe
712 719 835 778 Fatuus,
865 719 1009 778 umescunt
1034 719 1099 767 uder
1121 719 1232 779 positive
1251 719 1427 778 summumst

359 811 458 861 andileh
484 809 521 870 h)
540 811 585 858 sut
602 811 644 858 dle
661 809 840 858 hemlehkeit
858 810 904 856 der
921 806 1097 856 betrelendeu
1115 809 1288 869 heschenheit
1304 811 1343 856 mit
1357 810 1429 854 andern

358 900 554 949 versandus„
573 901 746 955 fllrsahsr,
765 893 794 946 iu
807 901 854 948 der
864 901 942 948 theol.
961 899 1157 958 Quarulsehrilt
1173 911 1223 946 von
1237 899 1358 960 Tdhlngen
1373 899 1428 945 itti.

357 1003 383 1049 p.
403 990 465 1036 ita.
485 1002 558 1052 sqq„
588 991 632 1038 ubl
660 990 735 1038 simul
762 989 826 1037 haee
853 989 947 1037 monita
977 990 1009 1036 ad
1039 990 1094 1037 Aet.
1113 990 1160 1046 lx,
1191 991 1268 1036 1-e.
1295 990 1429 1049 mulcentur.

357 1081 536 1128 Protsstantes
552 1081 621 1140 quod
635 1081 743 1136 attinet,
762 1079 786 1126 al.
799 1081 867 1128 tac.
883 1081 967 1127 ileos
991 1081 1155 1128 Narrationes
1174 1079 1284 1127 biblicae
1298 1078 1430 1139 (wellcht
1505 1084 1506 1168 p

358 1169 424 1218 desa
440 1171 492 1216 und
510 1171 557 1218 der
573 1171 679 1230 Apustel
696 1172 719 1218 ΙΙ
738 1169 783 1218 'l'la
808 1170 993 1218 ltu-lm.
1013 1171 1064 1218 und
1087 1169 1239 1220 wchlehta
1268 1169 1314 1216 der
1328 1167 1431 1215 laneum
1505 1173 1506 1190 ¹

356 1271 405 1306 sor
420 1261 471 1308 den
486 1261 577 1308 holten
596 1261 661 1308 lesu
678 1261 724 1308 111
740 1261 788 1308 lh.
811 1259 1022 1322 ldtt—ltflfi.)‚
1045 1273 1094 1322 qna
1111 1262 1250 1321 exemplam
1270 1261 1431 1318 interpretatis·

357 1351 398 1400 nis
415 1351 541 1400 historiae
562 1363 653 1400 nene
676 1354 745 1400 eirca
763 1353 838 1413 plura
855 1351 945 1400 merito
961 1352 1108 1400 laudantur.

664 1545 693 1612 s.
710 1539 773 1602 aaa.
788 1539 891 1600 rua·
905 1540 1088 1614 mnam.

376 1711 453 1778 Cum
475 1713 635 1792 vaticinia,
658 1721 784 1798 praeter
805 1716 953 1780 miracula
973 1715 1165 1780 constituant
1192 1713 1321 1776 criteria
1340 1711 1434 1774 divinae

284 1820 484 1884 revelationis
500 1823 611 1885 stricte
625 1823 719 1902 talia,
742 1828 882 1888 textuum
896 1825 1151 1907 propheticorum
1168 1829 1334 1904 rectaeque
1353 1835 1433 1882 soron

285 1926 487 2010 expositionis
501 1930 639 2015 gravitas
651 1931 802 1995 neminem
817 1931 917 1995 latere
932 1937 1066 2015 protest.
1089 1929 1131 1995 Ut
1152 1953 1227 1996 vero
1243 1929 1431 1994 vaticiniorum

284 2037 435 2120 probandi
449 2038 496 2100 vis
511 2039 703 2120 innoteseat,
726 2037 808 2104 hand
829 2039 980 2104 mediocri
996 2041 1126 2105 solertia
1142 2061 1221 2123 opus
1238 2045 1288 2104 est
1303 2039 1340 2102 ad
1353 2037 1433 2102 eaden

283 2151 349 2208 tum
362 2148 449 2212 edita
460 2150 526 2210 tun
541 2150 701 2231 completa
716 2149 778 2212 rite
795 2150 983 2233 exponenda.

372 2255 464 2332 Quod
474 2253 540 2336 jam
555 2258 801 2337 praedictiones
816 2258 945 2339 attinet,
969 2277 1049 2340 quae
1064 2277 1083 2320 a
1104 2257 1204 2319 sacris
1218 2256 1346 2318 vatihns.
1360 2251 1436 2314 editae
1508 2257 1509 2280 ¹

282 2360 449 2444 leguntur,
473 2363 512 2424 ad
527 2363 589 2426 tria
605 2363 772 2447 interpreti
793 2366 1024 2447 respiciendum
1045 2365 1179 2427 videtur.
1208 2363 1343 2426 Primam
1362 2357 1437 2442 ipsios

284 2473 334 2532 est
359 2469 536 2552 declarare,
560 2471 634 2554 qnid
660 2493 770 2537 revera
799 2479 978 2537 eventurum
1005 2473 1165 2557 praedicat
1185 2469 1356 2554 Propheta,
1377 2463 1437 2548 qnol

288 2576 360 2640 hinc
377 2577 458 2660 inde,
480 2579 665 2664 praeprimis
682 2581 709 2645 si
722 2581 870 2646 vaticinia
884 2582 974 2646 libris
989 2581 1151 2646 historicis
1167 2579 1378 2656 continentur,
1397 2572 1440 2636 dil·
1510 2612 1511 2670 p

288 2685 458 2750 licnltatem
474 2709 536 2751 non
553 2693 639 2752 creat
656 2687 697 2777 ¹).
721 2691 805 2756 Alibi
820 2697 924 2754 tamen
940 2712 1002 2756 non
1016 2690 1062 2754 ita
1076 2689 1167 2754 iaeile
1184 2694 1313 2752 ornatus
1327 2683 1441 2770 postico

289 2801 321 2859 et
336 2795 435 2860 minae
456 2797 618 2882 generales
634 2819 653 2862 a
668 2799 933 2882 praedictionibus
956 2819 1030 2864 vere
1045 2798 1161 2862 talibus
1177 2797 1399 2882 distinguuntur
1410 2786 1440 2872 'l

288 2903 430 2967 Alterum
443 2908 492 2968 ast
507 2910 663 2990 statuere,
688 2907 762 2991 qnid
790 2909 922 2971 humano
945 2906 1108 2970 intellectu
1130 2904 1313 2988 praevidere
1332 2896 1442 2985 potnerit

290 3013 464 3096 Propheta,
489 3016 623 3099 quidque
650 3016 772 3101 sagacis
795 3036 921 3099 quoqne
936 3015 1053 3101 ingenii
1075 3013 1158 3077 vires
1180 3013 1319 3076 excedat.
1346 3004 1442 3089 Quoia

289 3123 417 3206 negotio
438 3121 578 3205 inprimis
600 3125 851 3188 circumstantiae
872 3124 946 3191 sacti
975 3123 1183 3188 accidentales
1211 3124 1244 3184 et
1259 3119 1381 3184 minoris
1394 3134 1442 3177 mo·

289 3229 385 3291 menti
399 3227 480 3292 haud
495 3229 556 3294 levi
571 3231 743 3295 attentione
759 3231 869 3318 dignae
881 3237 953 3295 sunt
969 3225 1013 3320 ⁸).
1037 3229 1177 3312 Denique
1196 3249 1265 3292 oum
1280 3221 1442 3312 praedictio·

290 3357 329 3400 ne
345 3337 482 3401 vaticinii
498 3345 627 3402 eventus
655 3340 878 3424 comparandus
905 3340 985 3420 erit,
1016 3343 1052 3402 ut
1079 3337 1275 3423 dogmaticus
1297 3335 1443 3416 Prophetae

290 3466 364 3509 usus
381 3446 490 3510 melius
506 3447 682 3512 innotescat
697 3447 739 3534 ⁴).

379 3553 440 3617 Uhi
456 3560 613 3640 completa
632 3556 780 3621 vaticinia
802 3561 987 3640 occurrunt,
1010 3556 1182 3620 docendum
1198 3560 1278 3636 ests
1290 3573 1357 3634 quo*
1375 3562 1443 3609 senti

291 3663 443 3746 completa
458 3665 610 3728 dieantur.
633 3669 731 3744 Quem
747 3667 778 3728 in
793 3664 885 3730 linem
898 3664 1060 3728 consilinm
1072 3663 1275 3748 hagiographi
1289 3657 1441 3727 eruendum,

292 3773 323 3832 et
339 3771 376 3831 ad
391 3770 492 3851 ipsum
507 3773 685 3836 vaticinium
706 3775 933 3858 respiciendum
950 3773 1011 3836 erit
1028 3771 1071 3859 ⁵).
1096 3771 1216 3850 Quodsi
1239 3774 1391 3833 auctorem
1405 3780 1442 3823 Ω·

292 3898 378 3940 erum
395 3879 434 3942 ad
448 3881 625 3944 vaticinium
648 3884 823 3966 respexisse
850 3881 980 3966 probari
1001 3881 1124 3964 nequit,
1147 3899 1206 3944 nac
1233 3880 1384 3962 interpres
1402 3886 1445 3953 qli

291 3989 365 4054 talis
381 3989 420 4052 ad
435 3989 512 4053 illud
526 3992 685 4076 respicere
698 3993 832 4076 debebit,
857 3998 889 4057 et
904 3996 1025 4056 tantum
1040 4011 1098 4076 pro
1115 4011 1175 4054 usn
1186 3988 1339 4074 practico,
1361 3986 1385 4049 si
1398 3980 1445 4044 cir·

293 4101 495 4169 cumutantiae
512 4103 682 4185 suaserint,
699 4101 762 4166 tale
780 4102 853 4185 quid
868 4102 974 4166 iacere
990 4100 1108 4183 poterit
1123 4097 1166 4185 ο).

319 4299 343 4365 ¹)
363 4306 393 4351 d.
413 4318 436 4365 g.
454 4304 473 4350 l.
495 4304 557 4364 Bag.
575 4304 650 4360 1111,
670 4305 697 4351 2.
716 4305 846 4364 interpres
867 4305 922 4351 sine
939 4300 1088 4350 difficultate
1107 4301 1193 4356 eruit,
1212 4296 1274 4360 quid
1291 4295 1408 4356 Propheta
1422 4286 1444 4331 le

365 4394 432 4442 Juda
454 4395 549 4442 missas
576 4396 608 4441 ad
626 4393 762 4442 deroboam
786 4395 875 4442 centn
896 4395 965 4442 hune
991 4397 1081 4453 regem
1107 4391 1248 4452 praedicat.
1271 4387 1367 4434 Etenim
1389 4375 1446 4426 verta

363 4487 505 4546 Prophetae
522 4487 594 4533 elsrs
605 4489 682 4545 atque
693 4486 831 4545 perspicus
847 4485 970 4544 indicant,
990 4495 1077 4542 regem
1097 4494 1129 4528 ex
1144 4481 1228 4538 stirpe
1243 4476 1364 4526 Davldlea
1378 4467 1442 4518 nuel·

365 4585 469 4638 turum,
489 4577 586 4625 lostam
610 4578 726 4631 nomine,
747 4574 918 4624 idololatriam
948 4574 980 4620 ab
1005 4574 1050 4620 illo
1072 4582 1135 4630 rege
1160 4571 1330 4619 introductam
1352 4574 1380 4611 eu
1404 4565 1446 4603 Μ
