3112 5284
521 1277 744 1368 rums
791 1219 878 1366 ιἰ.

251 1599 308 1660 DE
333 1595 493 1662 SENSU
517 1597 810 1660 lllll’lrssltATO
834 1595 1143 1661 EXPONENDO.

459 1811 486 1880 s.
504 1805 557 1866 ltt.
576 1806 749 1866 bloendornm
765 1808 933 1879 conspectus.

193 1961 302 2026 Altera
320 1960 579 2024 Hermeneutieae
602 1960 737 2024 biblicae
752 1981 825 2044 pars
841 1961 872 2024 in
889 1960 1080 2044 expositione
1097 1980 1208 2024 sensns
1233 1981 1288 2024 ex·

98 2070 218 2160 plorati
233 2075 386 2135 versetur.
413 2067 456 2132 Ut
478 2090 571 2150 uero,
593 2089 672 2153 quae
694 2069 851 2151 interpres
867 2070 900 2133 in
924 2072 984 2134 hoe
1000 2091 1127 2134 munere
1144 2071 1286 2134 obeundo

98 2182 266 2246 observare
278 2178 401 2258 debeat,
417 2179 516 2264 magis
527 2179 723 2256 illucescant,
739 2178 785 2242 ita
800 2182 1016 2261 procedemus,
1032 2184 1068 2244 ut
1078 2179 1166 2263 prins
1179 2185 1287 2244 osten-

98 2291 217 2366 damus,
234 2289 394 2372 quomodo·
406 2306 515 2351 sensus
529 2307 554 2350 s.
565 2286 749 2370 scripturae
766 2288 945 2370 exploratus
958 2290 1019 2354 rite
1037 2290 1149 2374 exponi
1165 2290 1286 2367 debeat,

98 2397 170 2461 dein
187 2395 422 2482 subjungamus,
450 2397 605 2479 quomodo
628 2415 738 2460 sensus
754 2415 781 2460 s.
802 2395 986 2481 Scripturae
1010 2399 1048 2462 ab
1073 2398 1210 2483 erogetis
1228 2420 1285 2481 pro

95 2507 278 2570 diversitate
294 2506 473 2589 systematis
489 2506 729 2582 bermeneutici,
754 2506 824 2589 plus
840 2508 979 2570 minusve
998 2508 1093 2586 recti,
1127 2509 1210 2590 quod
1227 2527 1282 2570 se·
1302 2592 1304 2596 .

99 2615 281 2698 quebontnr,
298 2621 330 2678 et
345 2615 542 2691 dexteritate,
558 2635 618 2697 qua
632 2615 817 2698 gaudebant,
834 2635 944 2698 reapse
963 2615 1124 2698 expositus
1143 2615 1195 2676 sit.
1220 2616 1285 2677 lta-

99 2744 158 2806 que
174 2722 252 2786 baec
267 2741 340 2806 pars
357 2722 491 2786 discedit
507 2722 538 2784 in
554 2723 630 2784 duas
652 2723 833 2802 sectiones,
857 2743 984 2804 quarum
1001 2723 1100 2786 altera
1127 2725 1284 2786 theoriam

97 2853 222 2898 sensus
237 2836 469 2915 expositionis,
503 2831 602 2896 altero
619 2833 792 2900 distortum.
805 2851 988 2913 corporeos
1002 2831 1108 2894 tradit.

585 3144 744 3238 lldllll
773 3144 800 3236 l.

381 3318 534 3378 Tllllllltll
560 3317 697 3377 SENSUS
724 3314 990 3375 llllPdSlllONlS.

461 3517 489 3584 s.
505 3510 557 3574 ltl.
573 3511 671 3571 ornos
686 3512 767 3583 nulus
783 3513 919 3570 monle.

185 3660 447 3738 Quemadmodum
470 3679 632 3743 supremae
656 3680 767 3724 sensus
791 3661 971 3743 explorandi
994 3659 1209 3741 conditiones,
1236 3661 1281 3724 ita

95 3768 189 3832 ctiam
207 3767 316 3851 prima,
333 3789 369 3832 ex
386 3790 446 3852 qua
461 3789 571 3834 sensns
587 3769 741 3853 explorati
757 3770 911 3852 expositio
939 3769 1069 3853 pendet,
1098 3789 1206 3832 norma
1223 3769 1281 3830 irn-

94 3875 228 3938 mediate
245 3895 282 3938 ex
297 3894 415 3939 summo
428 3876 686 3940 Hermeneuticae
701 3876 834 3941 biblicae
845 3876 1001 3961 principio
1016 3875 1186 3940 descendit.
1197 3878 1279 3940 ,Ete-

93 3982 158 4078 nim
174 3982 247 4067 quia
261 3983 322 4046 boe
336 3984 521 4068 principium
537 3985 739 4070 interpretem
757 4006 868 4050 curare
886 3985 997 4068 jubet,
1021 3989 1057 4048 ut
1072 4005 1109 4048 ex
1124 4005 1150 4048 s.
1168 3985 1280 4066 Serip-

90 4095 166 4154 tura
186 4091 268 4154 idem
295 4092 487 4175 percipiatur
512 4112 633 4174 sensus,
661 4115 751 4177 quam
767 4092 972 4180 hagiographi
994 4093 1025 4155 in
1044 4113 1080 4156 ea
1096 4093 1279 4176 deposuisse

92 4201 242 4263 censendi
258 4206 346 4280 sunt,
373 4201 472 4285 ipsius
489 4207 537 4266 est
554 4199 689 4283 edicere,
711 4224 772 4266 non
788 4207 930 4284 tantum,
953 4207 988 4265 ut
1013 4221 1092 4286 quae
1115 4201 1279 4284 loquentes

90 4306 202 4371 biblici
214 4308 357 4372 oratione
373 4330 429 4374 sua
446 4311 617 4396 exprimere
629 4311 838 4387 intenderunt,
866 4311 1004 4396 cogitata
1028 4309 1096 4391 ipse
1112 4306 1277 4390 intelligat,

91 4415 149 4478 sed
166 4421 201 4480 nt
222 4417 328 4480 eadem
345 4419 438 4481 etiem
459 4417 516 4496 iis,
540 4417 652 4502 quibus
675 4416 713 4482 lit
736 4418 902 4499 expositio,
920 4417 1117 4480 innotescant
1137 4415 1277 4500 (3:12).

183 4525 253 4602 Qua
267 4544 342 4588 vero
366 4525 487 4590 ratione
499 4525 730 4609 posterioribus
742 4525 883 4607 partibus
899 4527 938 4587 ab
955 4526 1126 4607 interprete
1152 4521 1245 4583 satist
1262 4557 1278 4571 -

91 4629 235 4695 ciendum
253 4631 310 4714 sit,
336 4631 452 4716 duplici
468 4632 596 4716 iterum,
621 4653 680 4716 qua
708 4653 734 4701 s.
759 4631 925 4716 Scriptura
940 4652 976 4694 ex
993 4631 1112 4715 origine
1129 4649 1184 4692 sua
1199 4648 1277 4713 gao-
