3190 5290
1303 475 1355 550 39

166 654 308 718 merandi
320 651 362 740 ¹).
407 653 527 730 Quibus
556 653 696 734 proxime
725 652 849 718 aceedit
876 655 1011 718 traduto
1041 653 1241 732 dermatius,
1273 675 1354 737 quae

168 783 240 826 cum
264 760 491 844 complectatur
514 761 721 846 cognitionem
745 761 868 846 liuguae
890 767 1032 826 mortuae
1055 761 1223 825 derivatam
1248 761 1285 825 ab
1303 763 1354 842 iis,

167 871 282 954 quibus
305 869 371 934 sive
388 867 428 933 ob
445 869 668 954 propinquam,
693 869 929 954 quadrabant,
952 869 1077 956 linguae
1099 871 1186 934 rivae
1210 877 1354 950 aetatem,

167 981 236 1044 sive
261 979 300 1043 ob
324 977 551 1042 institutionem
582 977 632 1042 vel
660 998 738 1042 voce
760 977 811 1042 vel
841 975 926 1060 stylo
950 984 1109 1062 acceptam
1132 978 1246 1062 peritia
1269 978 1354 1042 illius

167 1088 282 1151 merito
305 1085 470 1150 tribuenda
493 1091 560 1162 est,
592 1084 773 1148 testimonio
796 1104 873 1148 usus
895 1083 1044 1166 loquendi
1066 1085 1188 1150 directo
1219 1087 1269 1148 rix
1292 1107 1353 1149 non

166 1194 396 1276 aequiparanda
410 1192 482 1256 erit.
511 1192 625 1270 Quanti
637 1193 776 1256 habenda
791 1192 835 1257 sit
846 1193 924 1256 haec
939 1192 1079 1272 traditio,
1097 1215 1133 1257 ex
1150 1213 1187 1257 eo
1202 1193 1354 1278 intelligi·

167 1307 239 1380 tur,
263 1301 346 1385 qnod
370 1319 432 1364 non
449 1299 549 1363 solum
567 1299 717 1382 plurima,
734 1299 919 1384 praesertim
931 1300 985 1364 nbi
1000 1300 1104 1365 fontes
1121 1300 1258 1386 ejusdem
1276 1303 1353 1364 ube-

166 1407 271 1472 riores
302 1415 429 1491 praesto
453 1411 543 1488 sunt,
575 1413 638 1470 tam
662 1403 804 1472 lexicalia
819 1428 911 1492 qnam
933 1409 1179 1494 grammaticalia
1201 1409 1353 1474 historice

51 1583 54 1588 ,
167 1519 272 1594 docet,
295 1517 405 1600 sicque
420 1515 569 1601 penitiori
584 1516 707 1601 linguae
723 1516 957 1604 investigationi
971 1519 1051 1582 uiam
1068 1519 1175 1600 munit,
1191 1519 1353 1582 materiam

166 1627 406 1692 subministrans
422 1645 546 1708 aarum,
571 1645 650 1708 quae
673 1626 712 1689 ad
736 1627 979 1709 comparationis
1002 1626 1090 1713 leger
1114 1634 1146 1692 et
1169 1627 1353 1710 disciplinae

166 1741 336 1818 praecepta
368 1734 534 1797 examinari
557 1738 720 1815 oporteat,
753 1735 808 1798 sed
833 1737 926 1798 etiarn
949 1735 1081 1798 arbitrio
1106 1735 1296 1800 eruditorum
1321 1741 1353 1799 et

166 1841 403 1925 conjecturandi
418 1841 625 1925 petulantiae,
642 1841 755 1924 quibus
770 1843 963 1924 comparatio
979 1841 1112 1906 interior
1125 1839 1353 1928 (etymologiae

167 1959 199 2014 et
215 1949 378 2036 analogiae
393 1949 518 2035 linguae
534 1947 687 2036 studium)
707 1955 739 2012 et
751 1949 922 2012 subsidium
934 1949 1139 2014 dialectcrum
1151 1950 1254 2014 locum
1268 1949 1352 2028 dant,

165 2059 283 2122 limites
299 2058 422 2134 statuit,
445 2057 656 2120 testimonium
674 2078 762 2122 suum
779 2078 838 2121 ceu
853 2057 985 2140 lapidem
1001 2058 1118 2141 lydium
1135 2058 1296 2134 exbibens,
1313 2059 1352 2120 ad

165 2187 259 2250 quern
275 2166 439 2248 utriusque
455 2164 586 2229 subsidii
610 2165 779 2230 relationes
795 2166 968 2250 exigantur.
1008 2166 1129 2248 Scripti
1146 2165 1237 2248 bajus
1252 2166 1352 2229 tradi-

163 2276 263 2340 tionis
277 2275 382 2338 iontes
398 2294 473 2338 vero
490 2291 528 2339 eo
545 2271 672 2356 majoris
688 2279 781 2338 erunt
796 2274 1012 2354 auctoritatis,
1030 2295 1091 2358 quo
1109 2275 1302 2358 antiquiores
1319 2279 1351 2338 et

166 2405 229 2468 quo
247 2387 320 2446 sant
331 2382 501 2466 pleniores,
518 2387 549 2444 et
562 2402 623 2464 quo
640 2381 741 2444 minus
753 2367 970 2464 suspicandum
984 2387 1043 2460 est,
1060 2389 1207 2446 auctores
1223 2382 1351 2464 proprio

161 2492 284 2576 judicio
295 2492 398 2555 fretos
416 2489 545 2554 suemus
557 2510 594 2553 ac
606 2489 773 2574 phrasibus
785 2489 922 2571 antiquis
934 2488 1178 2575 significationes
1189 2489 1350 2570 tribuisse,

166 2599 241 2684 quin
257 2605 454 2663 monumenta
469 2597 621 2662 historica
643 2598 698 2661 has
721 2594 937 2660 confirmantia
952 2599 989 2660 ad
1014 2599 1123 2662 oculos
1149 2575 1351 2681 habemnt'l.

168 2710 332 2773 Postremo
349 2705 542 2770 recensenda
556 2705 641 2770 venit
664 2709 868 2789 comparatio
883 2709 1019 2788 linguae
1047 2717 1198 2771 mortuae
1213 2709 1353 2771 interior

166 2816 287 2898 (quoad
303 2813 523 2900 etymologiam
540 2820 572 2878 at
588 2813 760 2896 analogiam
776 2813 917 2900 linguae)
936 2825 967 2878 et
980 2815 1205 2895 dialectoram,
1222 2835 1352 2898 quarum

166 2931 331 3007 utramque
339 2972 347 3005 ,
371 2923 447 2988 licet
463 2925 501 2986 ad
514 2923 657 2987 notiones
669 2943 780 2984 vocum
791 2942 828 2984 ac
840 2923 999 3005 phrasium
1016 2921 1214 2987 inveniendas
1232 2931 1262 2985 et
1276 2945 1352 2985 con·

165 3032 341 3098 stitucndas
357 3030 459 3093 minus
474 3029 580 3110 faciat,
596 3030 636 3092 ad
651 3048 741 3092 usum
752 3029 899 3111 loquendi
915 3027 1157 3093 confirmandum
1168 3036 1199 3094 et
1215 3031 1351 3094 multila-

164 3140 244 3204 riam
255 3139 473 3203 illustrandum
486 3137 611 3223 egregie
628 3137 757 3219 servire,
775 3159 811 3200 ex
828 3139 1084 3202 antecedentibus
1098 3142 1222 3202 constat
1239 3136 1350 3223 (§.23.

164 3247 205 3314 ll.
222 3257 288 3313 not.
313 3248 434 3337 2-7).
482 3247 649 3311 Caeterum
665 3247 714 3311 vel
729 3248 807 3310 hacc
823 3247 1011 3329 posterioris
1030 3247 1148 3310 ordinis
1164 3247 1304 3310 subsidia
1321 3247 1351 3310 in

164 3357 350 3442 quibusdam
373 3357 497 3421 casibus
520 3375 610 3420 omne
631 3353 698 3418 fere
722 3353 847 3418 dubium
871 3355 910 3420 de
933 3359 1091 3438 potestate
1115 3355 1247 3438 alicujus
1264 3353 1351 3418 vocis

164 3471 220 3531 aut
242 3465 368 3551 phrasis
391 3463 523 3542 tollunt,
547 3465 733 3548 praesertim
758 3465 810 3527 ubi
833 3463 923 3548 plura
939 3463 1062 3527 illorum
1078 3485 1136 3546 pro
1152 3483 1189 3527 ea
1204 3463 1347 3543 militant,

164 3574 239 3657 quin
264 3573 430 3658 quidquam
454 3567 664 3658 repugnet⁸).

193 3753 219 3819 ι)
239 3757 278 3804 Ad
305 3756 467 3804 sedationem
495 3756 682 3816 parallelorum
709 3755 847 3802 verbalium
878 3757 1008 3816 egregium
1039 3755 1210 3814 momentum
1242 3755 1352 3802 atterunt

241 3845 456 3895 concordantiae
475 3845 612 3906 verbales,
632 3858 695 3904 quaa
714 3859 821 3902 ornnes,
842 3846 868 3891 in
888 3846 980 3905 quibus
994 3859 1042 3891 roa
1056 3847 1139 3906 aliqua
1158 3847 1291 3903 occurrit,
1310 3845 1350 3892 le·

238 3949 284 3984 eos
297 3937 342 3983 uni
355 3937 456 3984 obtutui
469 3935 609 3995 objiciunt,
630 3936 661 3982 de
674 3935 767 3994 quibus
780 3937 839 3982 vide
852 3937 955 3995 intras.
973 3937 1032 3982 1⁵⁰.
1053 3941 1115 3982 ncta
1127 3938 1152 3982 2.

179 4019 219 4087 ¹⁸)
238 4025 275 4072 Ex
294 4029 368 4084 parte
387 4025 548 4085 antiquitatis
566 4023 669 4072 sabatio
682 4029 709 4072 et
725 4025 846 4087 ploaaae,
861 4049 893 4059 -
916 4039 981 4086 qnae
999 4028 1068 4072 inter
1087 4027 1113 4072 id
1133 4027 1289 4074 discriminis
1310 4025 1350 4072 ln-

237 4117 361 4175 tereedit,
386 4120 415 4162 nt
433 4117 478 4162 illa
497 4115 631 4162 illustrent
649 4117 722 4162 locos
742 4117 775 4161 ab
798 4119 946 4162 contextum
967 4122 1010 4162 aut
1029 4127 1115 4163 rerum
1136 4122 1250 4163 naturam
1270 4119 1350 4163 minus

237 4205 331 4260 clares,
351 4207 398 4252 trae
417 4205 542 4252 rorbach
556 4206 730 4265 antiquitatem
744 4212 788 4252 ant
801 4205 933 4252 rumaren
948 4206 1066 4257 obscura.
1084 4231 1114 4244 -
1129 4211 1217 4264 utpote
1239 4221 1270 4254 ex
1283 4209 1351 4253 auti·

237 4294 368 4354 qurlssimls
397 4307 476 4352 saepe
495 4295 644 4342 auctoribus
670 4295 797 4353 repetitae
823 4307 915 4353 magna
935 4298 1086 4342 auctoritate
1113 4298 1243 4356 gaudente
1268 4298 1351 4356 quoad

237 4385 380 4432 ubertatem
398 4398 461 4431 vero
482 4389 508 4433 et
527 4384 600 4432 iidem
624 4386 713 4434 twice
726 4387 757 4432 lia
771 4387 949 4446 anteponenda
969 4393 1043 4446 aunt,
1064 4388 1189 4446 siquidem
1208 4390 1269 4434 haec
1288 4399 1351 4446 opes

236 4475 341 4534 linguae
354 4476 577 4534 complectuntur,
596 4479 623 4524 et
635 4477 725 4531 simul,
745 4475 835 4523 saltem
851 4477 1057 4536 praestantiora,
1078 4475 1273 4535 significationis
1296 4487 1351 4522 mu.

237 4567 365 4625 tationes,
385 4579 451 4626 quas
478 4577 602 4615 successu
629 4565 755 4625 temporis
774 4565 907 4612 normulis
926 4573 1109 4627 accesserunt,
1138 4565 1268 4619 iudicant,
1294 4578 1350 4611 curn

237 4660 329 4703 cauma
340 4657 442 4704 scholia
454 4663 480 4704 st
492 4658 598 4716 glossae
616 4657 722 4705 neaniai
735 4657 851 4704 breviter
862 4667 941 4704 voces
960 4667 991 4702 ac
1011 4669 1055 4703 rea
1078 4656 1223 4708 deaurent,
1245 4659 1272 4701 et
1285 4665 1350 4700 uou-
