3118 5282
239 515 247 532 ,
302 430 379 508 aas

302 614 335 672 et
358 611 516 692 suspects,
541 627 619 692 quae
642 607 753 673 deesse
776 627 838 672 non
862 610 1019 690 poterant,
1043 605 1181 672 sollicite
1204 610 1373 694 repudiasse
1385 614 1410 674 et
1422 611 1448 673 ab

303 715 447 782 omnibus
471 714 653 780 artificiosis
677 715 866 780 ornamentis
890 713 1079 780 abstinuisse
1095 713 1138 802 ¹).

391 825 513 904 Quodsi
535 846 610 890 vero
627 825 762 890 historia
776 826 814 890 V.
830 825 869 888 Τ.
887 823 1059 908 etquidem
1083 823 1133 888 vel
1156 826 1363 912 antiquissime
1375 847 1390 889 e
1401 847 1451 910 my·

300 933 395 996 thicis
420 932 713 1012 adulterationibus,
738 953 818 1017 quae
845 931 1077 996 narrationibus
1100 953 1156 998 ore
1182 936 1360 1020 propagatis
1381 934 1449 996 iacile

300 1043 442 1124 irrepere
457 1041 647 1123 potuissent,
673 1041 787 1107 merito
815 1041 959 1104 immunis
984 1047 1142 1124 censetur,
1163 1043 1264 1107 multo
1280 1044 1369 1129 magis
1382 1043 1412 1106 N.
1424 1043 1450 1104 Τ.
1520 1055 1521 1062 ’

300 1150 487 1214 documenta
503 1171 521 1213 a
536 1150 652 1234 mythis
667 1150 876 1215 remotissima
899 1150 1031 1214 dicenda
1057 1155 1141 1214 sunt.
1163 1152 1377 1236 Praeterquam
1394 1150 1452 1213 enin

301 1258 384 1342 quod
405 1263 547 1343 tempore
572 1259 691 1323 Christi
718 1279 827 1323 aerum
854 1259 1025 1343 mythicum
1043 1258 1239 1342 jamdudum
1257 1261 1453 1344 elapsumerat,

301 1366 453 1451 perbreve
468 1368 619 1451 temporis
635 1367 780 1450 spatium,
797 1370 882 1450 quod
896 1369 979 1434 inter
994 1369 1208 1434 ascensionem
1220 1369 1343 1433 Domini
1357 1372 1385 1431 et
1395 1367 1455 1430 inter

301 1495 405 1540 rernm
433 1476 471 1539 ab
499 1496 536 1540 eo
563 1481 721 1562 gestarum
750 1476 1018 1562 consignationem
1038 1476 1229 1556 intercessit,
1245 1476 1393 1560 prohibet,
1410 1495 1453 1556 quo
1520 1511 1521 1556 3

302 1569 403 1647 miuus
420 1585 623 1664 concedatur,
638 1585 834 1650 narrationes
851 1605 957 1648 earum
972 1584 1054 1648 fama
1069 1584 1263 1652 adulteratas
1279 1581 1455 1666 abhpostolis
1520 1627 1521 1650 ,

302 1699 334 1756 et
351 1691 524 1776 discipulis,
540 1693 595 1776 qui
609 1693 701 1757 simul
717 1694 841 1758 inerant
856 1694 1023 1758 amntem
1050 1697 1151 1756 testes
1178 1693 1297 1758 oculati
1317 1692 1363 1756 vel
1376 1688 1454 1762 auriti,
1520 1717 1521 1722 κ

300 1805 355 1866 ant
371 1806 459 1865 certe
475 1801 632 1884 aequales,
648 1806 679 1866 et
694 1803 740 1866 itu
755 1801 863 1884 spuria
878 1821 896 1866 a
911 1803 1007 1882 veris,
1023 1803 1116 1867 dubia
1136 1802 1269 1866 acertis
1285 1822 1345 1866 non
1359 1801 1457 1884 dignos·

301 1929 375 1974 cere
390 1930 451 1973 non
468 1910 640 1993 potuerint,
656 1909 753 1974 luisse
780 1909 812 1972 in
839 1931 896 1974 sna
922 1909 1043 1994 scripta
1058 1917 1234 1994 cooptatae.
1258 1913 1412 1974 Praeterea
1423 1905 1456 1966 hi·

300 2018 402 2082 storia
417 2017 492 2084 Jesn
508 2019 724 2084 minutissimis
739 2019 903 2104 temporis,
919 2020 983 2084 loci
999 2026 1031 2084 ct
1058 2041 1262 2104 personarum
1285 2020 1458 2084 circumstan-

300 2127 357 2191 tiis
373 2129 451 2194 edeo
468 2127 624 2209 convenit,
649 2133 681 2192 et
697 2128 790 2192 simul
805 2133 894 2192 tanta
909 2128 1111 2214 simplicitate
1138 2129 1378 2208 commendatur,
1395 2131 1423 2190 ut
1434 2124 1459 2186 ab

306 2237 391 2300 omui
406 2233 534 2302 fictione
551 2237 741 2302 alienissima
764 2255 835 2302 esse
861 2238 1059 2324 intelligatur
1074 2236 1118 2326 ²).
1165 2237 1252 2302 Nihil
1280 2239 1385 2317 dicam,
1399 2233 1458 2320 quel

302 2345 416 2427 omnia,
433 2366 512 2428 qnae
529 2347 567 2409 dc
584 2347 676 2411 modo
693 2347 826 2412 docendi
841 2347 995 2433 etegcndi
1011 2345 1187 2411 salvatoris
1201 2348 1306 2412 nostri
1316 2349 1460 2420 narramur,

301 2457 365 2516 tarn
382 2451 524 2518 sublimia
540 2459 624 2536 suut,
639 2459 675 2518 ut
691 2475 729 2520 ne
744 2455 907 2540 potuerint
923 2455 1047 2542 quidem
1063 2453 1141 2542 iingi
1157 2449 1200 2543 ⁸).

328 2629 352 2692 ¹)
373 2637 436 2683 inde
456 2641 511 2692 eat,
531 2639 599 2698 quod
618 2638 657 2686 (ti.
677 2639 814 2699 Wagner
833 2641 860 2686 in
879 2652 927 2687 suo
947 2639 1034 2687 libro:
1055 2639 1134 2686 ldeen
1160 2652 1192 2686 au
1218 2641 1295 2687 einer
1319 2636 1458 2698 aligemeinen
1520 2657 1521 2670 ι

375 2727 534 2787 mythologie
553 2728 600 2774 der
617 2730 685 2776 alten
698 2729 781 2790 Weit,
800 2729 907 2776 manci.
930 2730 1024 2789 18⁰8„
1045 2741 1103 2778 cum
1121 2729 1315 2790 intellexisset,
1335 2728 1461 2788 religionen

373 2819 443 2864 ascri
461 2818 561 2865 codicis
581 2818 739 2867 iudaeorum
754 2819 809 2879 jam
827 2821 887 2868 inde
899 2833 915 2868 a
927 2832 1014 2868 rerum
1027 2820 1173 2879 primordiis
1187 2819 1220 2866 ab
1234 2821 1306 2868 omni
1318 2817 1461 2879 poiytheieno
1520 2859 1521 2880 Χ

371 2920 423 2954 nnn
441 2908 517 2958 modo
535 2921 644 2970 puram,
676 2911 724 2958 aed
751 2911 812 2958 huic
838 2913 915 2971 piane
940 2911 1075 2958 adrerum
1094 2914 1121 2959 et
1138 2909 1269 2958 inimicam
1289 2913 1386 2966 inisse,
1408 2907 1462 2954 soles

371 2985 504 3046 liebra'eoa
523 3011 539 3046 a
558 3001 688 3058 generalia
707 3001 878 3060 mythologtas
898 3002 1050 3061 contagione
1068 3001 1194 3048 immunes
1222 3003 1310 3049 inisse
1328 2996 1461 3060 pronuntiet,
1520 2987 1521 2994 ’

371 3088 439 3148 apud
459 3101 524 3148 qnos
544 3101 611 3148 pura
629 3090 765 3150 religionis
784 3091 852 3138 ratio
870 3092 953 3150 ipsam
973 3105 1075 3152 qnoque
1093 3091 1222 3140 historiae
1250 3094 1376 3139 rationem
1392 3094 1461 3148 puram

370 3180 580 3240 conservaverit,
606 3184 635 3227 ut
657 3182 681 3228 si
705 3181 800 3228 alicubi
825 3181 985 3241 antiquitatis
1011 3184 1047 3229 sit
1069 3185 1127 3230 reri
1145 3183 1259 3230 nominis
1280 3181 1401 3234 historia,
1416 3179 1464 3222 baec

368 3271 436 3329 apud
453 3271 511 3317 iilos
531 3272 634 3317 omuino
653 3272 816 3332 reperiatur,
837 3275 928 3331 utpote
948 3285 1026 3332 quum
1044 3275 1102 3320 sola
1120 3274 1232 3321 istorum
1253 3274 1347 3332 religio
1360 3283 1386 3318 se
1399 3269 1464 3328 ipsas

369 3361 508 3419 ampthis,
528 3362 712 3421 progrediente
731 3361 807 3409 etlam
824 3364 959 3421 tempore,
979 3363 1084 3422 penitus
1103 3375 1192 3423 puram
1211 3364 1384 3423 praestiterit.

318 3441 345 3514 ²)
364 3452 444 3510 Quam
472 3453 576 3498 muitum
601 3451 761 3499 discriminis
787 3451 934 3500 intercedat
959 3453 1083 3500 historias
1112 3453 1220 3500 biblicae
1245 3455 1319 3499 iuter
1339 3455 1366 3498 ct
1386 3445 1465 3495 hinist

370 3543 495 3601 nntium,
522 3544 628 3601 praeter
655 3541 719 3588 alios
745 3543 821 3590 deest
845 3542 861 3590 J
868 3555 915 3590 os.
933 3543 1028 3590 Pleta
1053 3545 1080 3590 iu
1099 3543 1312 3592 nisset-tatiane:
1341 3541 1419 3590 lieher
1434 3533 1465 3580 tie

371 3631 601 3691 Nothrrendigkeit
619 3632 672 3678 ond
691 3632 739 3678 deu
754 3632 855 3679 Nutssn
875 3634 946 3680 eluse
960 3633 1094 3694 ileissipen
1106 3634 1253 3682 liorachena
1269 3635 1297 3680 in
1311 3635 1361 3680 den
1372 3627 1464 3683 hetligen

373 3720 507 3769 Schriften
528 3723 574 3769 des
596 3724 663 3768 alten
689 3723 741 3769 und
759 3735 843 3775 neuen
865 3723 968 3772 Bundes
990 3725 1029 3785 (in
1048 3725 1177 3770 Trint’a
1200 3723 1396 3783 theologischer
1414 3715 1467 3762 heit-

375 3809 481 3862 aehriit,
494 3811 539 3856 iii.
560 3811 668 3870 iahrgg.
681 3811 711 3862 T.
728 3813 747 3858 1.
767 3825 794 3871 p.
807 3813 882 3867 80⁰„
899 3813 944 3860 ubi
957 3817 1090 3874 comparat
1101 3814 1238 3861 historiam
1251 3815 1330 3860 trium
1343 3808 1466 3868 angeiortin

371 3898 404 3945 ab
419 3899 563 3947 Abrabamo
582 3902 695 3961 hospitio
711 3907 875 3962 exceptorum
891 3903 988 3951 (lenes.
999 3905 1089 3952 xviii.
1105 3917 1163 3951 cum
1187 3903 1279 3950 tabula
1296 3905 1329 3950 de
1345 3901 1468 3947 Philumene

377 3993 404 4036 et
422 3985 543 4046 Baucide,
573 3990 690 4038 Ovidii
717 3991 921 4052 bistamorphos.
940 3994 959 4040 i.
981 3993 1060 4055 iiiii).
1098 3987 1220 4054 inprimis
1246 4005 1313 4040 vero
1336 3993 1382 4038 hae
1398 3987 1425 4032 tlt
1444 3991 1466 4024 ¹⁶

371 4080 423 4140 legi
449 4081 593 4133 merentur,
620 4093 686 4140 quae
708 4083 734 4128 J.
766 4083 799 4128 ii.
821 4082 1036 4130 iiistemairer
1066 4083 1092 4129 iu
1115 4083 1343 4131 commentatione
1367 4080 1397 4125 de
1415 4080 1467 4120 Μ’*

370 4171 494 4230 exegesi,
515 4171 654 4230 praecipue
675 4171 704 4216 V.
721 4171 752 4218 T.
774 4172 922 4234 monasterii
946 4173 1027 4220 isos.
1048 4175 1204 4233 praesertim
1224 4173 1250 4232 S.
1273 4175 1302 4220 8.
1324 4174 1355 4218 de
1370 4160 1468 4216 disecti·

372 4261 484 4309 Graecos
505 4261 684 4322 itomauosque
705 4265 772 4309 inter
785 4268 812 4310 et
828 4263 964 4310 iiebraeos
984 4265 1090 4323 egregie
1111 4265 1227 4323 scripsit.

325 4345 351 4412 ⁸)
377 4354 415 4400 De
434 4353 552 4400 doctrina
577 4355 604 4398 et
630 4353 744 4400 moribus
770 4353 834 4400 lesu
864 4355 933 4400 iectu
957 4354 1108 4413 dignissima
1133 4359 1207 4411 sunt,
1235 4367 1302 4414 quae
1322 4351 1435 4398 habentur
1449 4342 1466 4384 ἱ*

371 4444 404 4489 ht
424 4443 509 4504 ling,
529 4443 676 4504 hiuietmng
699 4445 724 4490 in
742 4443 783 4492 die
807 4443 940 4494 Schriften
959 4446 1005 4494 des
1022 4441 1054 4491 Ν.
1075 4445 1106 4492 T.
1126 4445 1195 4493 siit.
1215 4444 1262 4492 iii.
1284 4443 1380 4500 stuttg.
1404 4431 1464 4483 rest·

370 4533 401 4580 T.
428 4533 450 4580 i.
475 4547 502 4593 p.
522 4536 570 4583 toi
590 4547 647 4596 sqq.
