3120 5294
1285 485 1334 555 un

146 671 329 748 prostarent
360 661 501 744 termini,
545 679 708 725 necessum
740 661 817 739 luit,
854 661 891 723 ab
927 659 1108 723 auctoribus
1145 660 1184 722 N.
1206 661 1244 722 Τ.
1281 679 1332 722 res

147 773 334 836 christianas
363 771 499 853 ejusdem
527 768 684 833 idiomatis
711 769 813 831 literis
841 768 1069 852 consignaturis
1092 772 1144 830 aut
1171 767 1333 844 vocabula,

146 903 227 966 quae
244 885 370 964 praesto
389 886 503 959 essent,
520 881 607 942 novis
625 877 905 964 significationibus
922 877 1045 962 augeri,
1068 882 1121 940 aut
1144 897 1223 941 nova
1238 896 1333 940 voca·

146 991 221 1054 bula
238 991 318 1052 cudi.

240 1097 331 1160 Prius
349 1097 471 1180 quidem
489 1096 569 1159 haud
593 1116 665 1158 raro
690 1097 807 1158 sactum
829 1094 987 1175 reperitur
1002 1091 1051 1179 1),
1075 1093 1233 1176 posterius
1260 1109 1335 1157 uero

149 1207 190 1271 ob
207 1205 352 1269 notiones
369 1226 429 1287 qua
446 1204 632 1266 christianas
648 1203 818 1280 rarissime,
835 1201 909 1264 licet
925 1201 1077 1264 vocabula
1093 1221 1172 1264 novo
1187 1200 1218 1262 in
1240 1200 1279 1264 N.
1295 1203 1333 1264 Τ.

147 1337 213 1378 non
229 1313 331 1376 desint
346 1308 390 1399 ²).
416 1313 464 1376 Ad
481 1312 665 1394 completam
682 1311 787 1394 itaque
804 1309 927 1394 linguae
943 1329 1077 1394 graecae
1092 1309 1226 1372 biblicae
1254 1309 1338 1372 noti-

147 1423 225 1487 tiam
241 1422 424 1506 requiritur,
443 1425 476 1483 ut
492 1423 569 1484 haec
596 1441 720 1504 quoque
747 1423 900 1502 calipteni
927 1422 1128 1484 christianae
1154 1423 1339 1500 peculiaria

148 1532 250 1615 probe
273 1536 379 1594 teneat
399 1531 555 1612 interpres
574 1529 716 1591 biblicus.

179 1695 203 1758 ¹)
224 1699 311 1742 Novae
335 1696 538 1756 significationes
566 1700 639 1741 sunt:
666 1689 737 1758 ἅγιοι
761 1696 818 1742 sive
842 1689 955 1742 ἐκλεκτοὶ
986 1694 1146 1752 Christiani,
1175 1687 1339 1750 δικαιωσύνη

223 1787 347 1850 probitas
366 1787 508 1839 universe,
538 1789 625 1832 statas
655 1785 812 1848 beneplaciti
836 1785 920 1833 divini
937 1800 988 1848 per
1011 1786 1160 1841 certatum,
1182 1779 1339 1832 δικαιὺσᾶαι

217 1877 386 1940 J'ustifieari,
413 1878 467 1922 lieo
485 1876 628 1938 probatum
648 1874 741 1928 reddi,
770 1868 833 1940 ἔργα
850 1873 927 1936 saeta
947 1877 998 1936 leat
1016 1876 1148 1923 mosaicae
1171 1874 1342 1937 conformia,

226 1969 303 2014 etiam
322 1969 410 2014 virtus
431 1966 579 2013 christiana
600 1966 749 2024 (Romul,
775 1967 818 2009 27.
836 1979 894 2024 sqq.
912 1966 967 2012 Jac.
989 1969 1087 2024 11‚20.
1109 1965 1194 2025 susp),
1214 1959 1341 2022 ἐκκλησία

225 2059 341 2105 sociatos
362 2057 528 2103 credentiam
544 2072 560 2102 a
578 2054 681 2101 Christo
701 2052 832 2114 fandata,
852 2051 1004 2119 ἐυαγγέλιον
1017 2059 1115 2104 laetum
1131 2057 1252 2104 nuntium
1264 2057 1342 2117 regni

227 2148 312 2196 divini
327 2162 377 2210 per
400 2146 533 2194 Christum
549 2143 643 2190 instita
655 2143 683 2201 i,
704 2147 730 2189 et
749 2146 874 2192 doctrina
896 2145 997 2193 Christi
1019 2147 1087 2204 lpse,
1109 2140 1233 2210 ὀικοδομὴ
1250 2147 1342 2194 iucre-

227 2243 341 2284 mentum
366 2237 430 2300 fidei
456 2236 615 2295 uirtutisque
639 2232 869 2292 Cbristianorum,
891 2232 977 2291 πίστις
994 2250 1131 2296 assensus,
1151 2238 1196 2298 qui
1213 2237 1342 2297 relipioni

232 2329 323 2376 Obrist
341 2328 481 2386 tribuitur,
512 2333 536 2373 et
565 2327 626 2387 ipsu
654 2325 778 2370 doctrina
804 2339 820 2372 a
847 2327 952 2373 Christo
982 2327 1102 2387 tradita,
1128 2335 1178 2374 etc.
1202 2324 1336 2394 σωτηρία,

227 2415 364 2474 σώζεσθαι
388 2421 420 2465 de
438 2421 526 2464 salute
549 2431 598 2482 per
623 2415 756 2462 curtatum
775 2420 878 2478 parta,
899 2431 976 2476 porro
994 2411 1138 2484 ἄνθρωπος
1158 2411 1183 2464 ἔν
1199 2417 1287 2485 χριςῷ
1308 2420 1341 2464 11.

226 2509 361 2567 (tumltu,
382 2511 421 2563 2..
443 2509 521 2571 σῶμα
535 2500 634 2574 χριστέ
649 2510 667 2552 l.
681 2509 739 2554 cor.
758 2507 815 2566 xtl,
842 2509 886 2552 et.
906 2505 1016 2575 χριστὸν
1033 2503 1198 2556 ἐνδύσασθαι
1220 2509 1274 2554 Gal.
1294 2510 1338 2566 ΙΙΙ,

227 2601 282 2654 27.,
303 2597 457 2661 γαμηᾶὴναι
477 2593 503 2646 ἐν
523 2595 605 2664 κυρίῳ
624 2599 643 2644 l.
662 2599 722 2644 Gor.
739 2598 797 2654 vu,
820 2599 875 2652 39„
906 2593 990 2665 ἡμέρα
1013 2598 1124 2666 κυρὶακη
1148 2603 1227 2658 Apoc.
1252 2601 1278 2653 1,
1302 2602 1344 2644 td.

227 2691 253 2734 et
273 2689 327 2734 alia
345 2690 419 2748 huJus
438 2692 557 2752 genesta,
578 2703 645 2748 quae
665 2689 744 2736 facile
763 2689 952 2746 intelliguntur.

176 2773 203 2839 ²)
225 2780 262 2823 Ad
283 2780 408 2825 vocabula
429 2795 498 2826 nova
525 2782 655 2826 referunt:
676 2773 847 2845 ἀγαθοεργεῖν
869 2779 1010 2838 beneficum
1029 2793 1060 2826 se
1079 2780 1220 2834 exhibere,
1242 2781 1261 2825 l.
1279 2781 1343 2825 Tim.

227 2871 273 2929 Vl,
296 2873 351 2926 18„
373 2864 578 2933 ἀγενεαλόγητος
597 2869 655 2916 sine
673 2868 846 2928 9mealopia,
868 2867 944 2914 llebr.
961 2869 1018 2923 Vll,
1041 2871 1080 2922 3.,
1101 2860 1214 2932 ἀγνότης
1229 2870 1344 2929 intepri-

227 2965 285 3016 tas,
306 2961 474 3014 innocentio,
500 2961 529 3005 ll.
557 2961 618 3006 Cor.
635 2959 681 3016 vt,
702 2961 741 3016 6.,
763 2952 919 3023 ἀλληγνρεῖν
936 2971 986 3019 per
1006 2959 1165 3018 allegoriam
1185 2959 1269 3019 loqui,
1291 2959 1346 3006 Gal.

228 3052 268 3106 lv,
289 3052 345 3106 24„
367 3043 621 3113 διακατελέγχεσᾶαι
638 3047 780 3110 refutare,
800 3051 856 3094 Act.
869 3049 961 3104 lell‚
983 3049 1023 3095 18.
1038 3054 1088 3095 etc.
1107 3049 1264 3095 Praesertim
1277 3051 1344 3108 apud

227 3142 321 3187 Lucam
333 3145 358 3187 et
375 3142 485 3188 Paulum
504 3140 629 3198 ejusmodi
648 3139 728 3184 verba
746 3141 842 3184 novata
858 3137 1005 3184 obveniunt.
1025 3138 1120 3184 Nomen
1140 3133 1294 3204 χριστιανὸς
1314 3139 1345 3182 ad

229 3234 376 3278 sectatores
398 3232 495 3278 Christi
515 3231 686 3288 designandos
706 3226 775 3290 (Act.
795 3229 842 3283 xl,
865 3229 908 3274 26.
928 3227 975 3287 al.)
995 3240 1088 3273 recens
1108 3239 1229 3274 excusum
1248 3234 1296 3273 est.

416 3427 444 3494 ς.
462 3424 501 3482 bl
517 3425 701 3484 benoninatto
717 3425 826 3496 bugum
843 3437 958 3496 grisea
974 3423 1096 3482 biblicae.

246 3591 417 3668 Quaerunt,
435 3611 496 3673 quo
523 3589 657 3652 termino
685 3590 831 3652 technico
858 3591 992 3676 linguam
1021 3591 1070 3653 his
1097 3589 1343 3672 proprietatibus

153 3699 344 3783 gaudentem
361 3699 561 3762 denominare
578 3699 764 3762 conveniat?
780 3700 886 3783 Aliqui
903 3721 968 3762 eam
992 3703 1169 3763 dialectum
1192 3700 1343 3762 Helleni-

153 3810 273 3871 sticam
288 3807 354 3870 sive
371 3808 639 3872 Aleaandriuam
654 3809 822 3890 appellant,
840 3831 909 3871 cum
925 3810 1036 3872 ludaei
1050 3829 1163 3894 graece
1180 3809 1345 3890 loquentes

159 3916 350 3988 ‘Eiinmorai
361 3917 559 3978 nominentur
576 3914 665 4003 (Act.
683 3918 734 3996 Vl,
754 3921 783 3980 1.
799 3918 851 3996 lX,
869 3916 965 4003 29),
990 3924 1020 3980 et
1037 3918 1112 3980 haec
1129 3917 1235 4000 lingua
1250 3936 1344 3998 prae·

155 4023 266 4106 primis
286 4023 488 4088 Alexandriae
511 4025 543 4086 in
570 4044 628 4086 usu
650 4025 756 4100 fucrit.
781 4027 840 4087 nst
863 4025 994 4106 primum
1026 4025 1149 4107 quidem
1175 4023 1345 4104 compella·

157 4132 278 4195 tionem
303 4132 445 4208 dialecti,
480 4131 567 4213 cujus
599 4131 686 4195 notio
714 4131 829 4194 finibus
858 4133 1128 4196 circumscribitur
1151 4131 1346 4217 angustiori-

155 4243 231 4318 bus,
255 4259 364 4320 parum
383 4246 470 4303 recte
494 4243 533 4303 ad
555 4241 634 4303 banc
655 4241 800 4324 linguam,
825 4247 935 4323 utpote
953 4247 984 4304 et
1008 4242 1213 4305 dialectorum
1238 4247 1269 4304 et
1286 4241 1346 4302 lin-

155 4367 289 4432 guarum
314 4349 506 4410 diversarum
536 4345 607 4433 (§§.
626 4347 777 4434 53-60)
811 4349 971 4411 misturam
999 4349 1237 4412 transtulerunt.
1268 4349 1345 4409 Dein

157 4475 234 4517 vero
253 4459 471 4521 Hellenistica
487 4455 563 4518 haec
580 4456 684 4541 lingua
700 4478 762 4518 non
780 4475 911 4538 prorsus
936 4457 1108 4538 adaequate
1131 4456 1258 4531 dicitur,
1276 4455 1348 4536 qnia

162 4562 354 4636 Ἑλληνισταὶ
371 4564 402 4624 in
421 4564 505 4627 dicto
529 4553 621 4627 s'ensu
648 4583 755 4626 omnes
775 4565 947 4648 scriptores
965 4564 1005 4626 N.
1021 4564 1059 4624 T.
1079 4585 1105 4625 e.
1121 4584 1151 4646 g.
1169 4562 1271 4623 Lucas
1288 4583 1348 4622 non

162 4678 272 4748 erant,
298 4693 393 4754 porro
419 4672 583 4756 indigitata
608 4669 796 4757 significatio
819 4672 934 4734 biblica
951 4670 1138 4734 substantivi
1157 4668 1350 4741 Ἑλληνιστὴς

1085 4796 1102 4844 7
1123 4795 1135 4822 0
