3118 5282
231 417 310 504 itio

233 605 370 669 eruendo
388 602 470 668 omni
486 601 648 688 diligentia
663 599 792 664 studere
808 597 976 680 debebant,
997 601 1033 660 ut
1048 596 1175 662 illorum
1191 595 1355 680 perversis
1371 615 1423 660 ex·

232 711 457 798 positionibus,
486 709 602 793 quibus
626 707 718 772 locos
738 707 871 770 biblicus
897 707 936 769 ad
960 725 1036 770 suos
1057 723 1170 770 seusus
1192 709 1426 784 contorserant,

234 827 352 886 rectam
368 817 656 904 interpretationem
673 833 851 898 opponere,
875 819 907 878 et
922 832 980 896 per
1001 831 1068 876 earu
1084 812 1244 896 antiquam
1259 812 1426 877 Ecclesiae

235 928 328 994 iidem
345 934 456 994 contra
471 925 719 992 adversariorum
736 928 910 987 commenta
923 921 1082 986 uindicare
1097 925 1239 1005 possent.

321 1036 509 1102 Prodieruot
520 1055 630 1100 revers
641 1031 766 1098 saeculo
775 1031 855 1094 XVl.
864 1035 896 1095 et
905 1030 1000 1094 xvii.
1008 1029 1114 1112 plures
1122 1028 1363 1107 Commentarii,
1372 1028 1428 1110 qni

234 1165 359 1210 sensum
374 1144 527 1210 literalem
549 1141 728 1228 diligentius
751 1139 1030 1217 consectabantur,
1055 1143 1086 1202 et
1104 1137 1272 1221 mysticum
1296 1136 1341 1200 ibi
1356 1142 1427 1200 tau·

233 1261 317 1334 tum,
341 1252 394 1316 ubi
418 1249 606 1319 subicientis
627 1249 766 1332 ejusdcm
789 1247 902 1312 meunt
926 1245 1058 1324 indicia,
1083 1246 1188 1312 sobrie
1204 1246 1426 1310 adstruebant.

235 1365 294 1428 Ast
309 1361 342 1426 bi
357 1360 482 1426 labores
498 1363 668 1444 propteroa
683 1355 783 1420 adbuc
796 1355 897 1420 minus
912 1354 1009 1418 fausti
1023 1354 1168 1434 luerunt,
1192 1354 1265 1438 qnia
1281 1373 1425 1438 magnam

235 1473 357 1554 portem
384 1469 527 1552 ampliori
552 1473 584 1534 et
611 1463 762 1532 exactiori
788 1463 962 1550 linguarum
980 1463 1161 1550 cognitione
1185 1467 1218 1528 et
1244 1463 1429 1528 eruditione

239 1577 435 1656 necessaris,
458 1575 643 1661 praesertim
663 1573 692 1638 si
719 1571 970 1658 mebseolugism
987 1576 1020 1636 et
1036 1571 1178 1636 criticam
1194 1576 1342 1655 spectas,
1366 1571 1424 1634 de-

237 1687 463 1765 stituebantur,
487 1689 520 1750 et
536 1683 637 1748 aliens
652 1680 791 1746 immiste
805 1679 960 1744 habebant
971 1677 1013 1760 ⁴).

325 1793 386 1874 Qui
412 1814 487 1858 uero
516 1793 586 1856 inde
615 1788 780 1854 asseculo
797 1787 919 1866 xviii,
943 1787 1131 1870 praesertim
1157 1788 1258 1852 altero
1283 1785 1428 1868 ejusdem

236 1902 379 1981 dimidio,
405 1907 437 1966 et
453 1899 543 1964 initio
559 1898 680 1964 saeculi
695 1897 775 1960 XIX.
788 1895 819 1958 in
835 1915 927 1960 sacra
941 1895 1044 1960 biblia
1060 1895 1259 1960 commentati
1287 1901 1363 1959 sunt
1376 1895 1430 1958 in-

235 2016 394 2094 terpretes
422 2007 594 2086 Catholici,
620 2004 869 2091 cognitionibus,
902 2023 981 2088 quac
1002 2005 1042 2068 sd
1068 2005 1131 2068 rite
1152 2005 1429 2086 interpretandum

235 2118 456 2204 requiruntur,
495 2123 528 2182 et
555 2113 717 2201 diligentia
747 2112 977 2195 antiquioribus
1006 2111 1179 2198 generatim
1210 2113 1303 2198 longe
1331 2133 1429 2195 prse-

238 2231 324 2290 stant
337 2225 380 2314 ⁵).
426 2225 601 2290 Dolendum
629 2221 842 2304 solummodo,
877 2221 1043 2286 nonnullos
1071 2241 1180 2285 eorum
1206 2223 1265 2286 bac
1293 2221 1428 2304 periodo

238 2333 332 2400 etiam
348 2334 387 2396 sd
413 2331 609 2409 liberiorem,
636 2351 714 2413 quae
742 2331 824 2394 iuter
838 2328 1042 2394 Acatbolicoo
1065 2329 1137 2392 inde
1159 2328 1198 2390 ab
1222 2329 1328 2413 aliquo
1345 2335 1429 2392 tem-

238 2461 316 2524 pore
333 2440 521 2521 invaluerat,
543 2439 769 2524 interpretandi
785 2439 938 2502 rationem
955 2438 1026 2521 plus
1041 2438 1180 2502 minusve
1196 2438 1376 2503 declinasse
1385 2436 1430 2526 ⁸).

237 2548 467 2614 liecentissima
481 2551 584 2612 tamen
601 2551 704 2610 aetate
721 2545 958 2610 Catholicorum
973 2545 1182 2630 interpretum
1198 2547 1311 2611 iterum
1327 2547 1430 2630 major

236 2657 417 2722 sollicitudo
435 2655 634 2738 observatur,
652 2656 683 2720 in
700 2654 889 2737 exponendis
905 2654 1005 2718 sacris
1029 2654 1132 2718 literis
1148 2675 1210 2720 non
1226 2657 1329 2720 solum
1345 2655 1430 2720 ller-

243 2765 435 2830 meneutieoe
452 2763 636 2828 universalis
651 2763 788 2849 legibus,
808 2763 863 2828 sed
880 2763 967 2828 otiis
983 2762 1212 2847 satisfaciendi,
1230 2783 1307 2848 quas
1323 2765 1431 2828 diviua

237 2897 264 2942 s.
290 2875 474 2960 Scripturae
490 2872 611 2936 indoles
628 2877 660 2936 et
675 2871 889 2957 Magisterium
906 2871 1068 2936 Ecclesiae
1080 2878 1166 2936 rotas
1182 2873 1293 2936 volunt
1304 2869 1350 2960 ²).

264 3073 287 3138 ¹)
307 3077 402 3124 Gonier
420 3076 444 3136 s.
464 3075 526 3122 stt.

264 3177 290 3244 ⁰)
311 3184 423 3230 Fuerunt
439 3183 539 3242 quidem
556 3181 609 3240 jam
629 3179 819 3239 posterioribus
836 3180 928 3228 aetatis
947 3183 1046 3228 mediae
1067 3183 1151 3240 annis,
1172 3183 1215 3243 qul
1234 3185 1266 3229 ad
1279 3189 1430 3232 restauran-

311 3276 368 3320 dam
388 3273 528 3331 linguarum
551 3271 700 3318 biblicarum
717 3271 890 3330 coguitionem
904 3273 1067 3333 excitabant,
1086 3275 1187 3334 ipsique
1204 3276 1291 3334 aliqua
1309 3276 1426 3335 eiusdem

310 3365 382 3411 tultis
402 3363 541 3410 iaciebant.
561 3361 605 3408 Sic
625 3361 782 3408 clemens
802 3361 832 3407 V.
850 3361 970 3408 Pontifex
990 3375 1058 3410 anno
1078 3365 1153 3410 1³11.
1174 3363 1200 3410 in
1222 3365 1337 3412 concilio
1351 3367 1428 3412 Vien-
1541 3353 1542 3356 ¹

310 3453 386 3502 nansi
406 3455 537 3511 decrerit,
558 3455 588 3499 nt
603 3451 728 3512 Parisiis,
748 3449 856 3510 Oronti,
878 3451 1012 3501 Bononiae
1034 3459 1060 3502 et
1079 3453 1286 3516 flslamsnticae,
1307 3469 1358 3505 nee
1378 3470 1426 3503 non

311 3545 380 3604 apud
400 3546 486 3592 sedem
509 3541 663 3600 pontificiam
680 3555 727 3602 pro
745 3544 836 3602 quevis
855 3543 1001 3603 linguarum
1026 3544 1214 3606 orientalium,
1233 3547 1364 3594 ltebraica
1376 3548 1429 3594 sei·

312 3636 389 3690 iicet,
410 3635 554 3692 cbsidaiea,
575 3632 683 3680 Arabica
701 3638 727 3680 et
743 3632 841 3680 idrsees
861 3635 911 3682 duo
926 3636 1093 3696 professores
1112 3639 1347 3697 consutusrentur,
1366 3639 1430 3698 quod

313 3727 443 3770 decretum
463 3727 552 3770 saitem
572 3727 689 3782 exparte
706 3722 907 3772 ellectuldatum
925 3729 974 3772 est.
995 3726 1090 3773 ltersto
1105 3726 1223 3782 laudatus
1244 3729 1430 3787 lianeberg,

315 3811 406 3858 (lesco.
427 3813 475 3857 der
491 3811 551 3858 bibl.
572 3809 763 3872 dicebamus,
784 3825 812 3870 p.
832 3813 882 3858 7⁰3
903 3825 959 3872 sqq.
979 3812 1067 3872 plures
1089 3814 1279 3862 catholicorum
1300 3823 1429 3871 recenset,

313 3905 357 3962 qul
377 3901 474 3960 majore
492 3901 594 3948 fervere
620 3903 680 3948 inde
698 3913 714 3946 a
737 3901 842 3948 dimidio
868 3903 974 3951 suenio
993 3903 1059 3952 x111.
1079 3906 1167 3953 studio
1181 3907 1326 3967 linguarum
1347 3913 1431 3955 orien-

314 3993 402 4040 talium
427 3991 608 4040 incaluerunt.
638 3993 839 4052 taquamquam
861 3993 909 4040 bas
931 3993 1034 4054 tingens
1054 3995 1086 4043 ad
1106 3998 1296 4044 convertendos
1319 3997 1430 4046 iudaeos

313 4091 341 4133 et
359 4083 582 4132 blobammedsoos
599 4084 773 4144 docebantur,
799 4096 887 4130 earnm
905 4089 990 4132 ines
1011 4087 1087 4146 nari
1105 4087 1198 4136 bibliis
1216 4091 1315 4136 rectius
1338 4091 1431 4137 intelli·
1540 4071 1541 4078 ἵ

315 4177 406 4238 flendis
425 4176 542 4234 aptiores
563 4181 644 4221 eraut.
673 4173 751 4222 Plura
771 4177 798 4222 st
821 4187 886 4236 quae
907 4177 1013 4238 propius
1031 4178 1064 4228 ad
1084 4179 1197 4226 studium
1212 4177 1334 4228 biblicum
1352 4183 1432 4228 sscie-

315 4270 390 4324 bsut‚
409 4265 610 4326 praestiterunt:

371 4355 520 4402 ioannes
540 4353 765 4402 Reueblinius
785 4353 941 4414 (capeio)
961 4356 1313 4418 Piorsbsmilnstus,1uris
1329 4362 1432 4408 consui-

315 4451 373 4502 tus,
393 4447 552 4506 professuris
573 4449 599 4493 et
618 4445 696 4490 variis
716 4444 775 4490 aliis
793 4441 942 4492 muneribus
963 4445 1072 4505 publicis
1091 4448 1205 4494 diversis
1227 4450 1254 4495 iu
1274 4449 1343 4498 loeis
1362 4455 1432 4498 iuno·

315 4544 367 4591 tus.
387 4539 485 4596 linguas
499 4547 608 4595 graecae
626 4540 653 4584 et
665 4533 802 4582 hebraicae
819 4535 1002 4594 peritissimus,
1023 4538 1065 4596 qui
1083 4543 1188 4597 praeter
1201 4539 1252 4586 siis
1265 4551 1337 4588 anno
1358 4543 1433 4588 ¹5⁰6.

316 4628 397 4674 edidit
412 4627 490 4672 libros
507 4631 561 4674 tres
582 4628 613 4672 de
634 4625 787 4674 rudimentis
808 4625 954 4683 hebraicis,
976 4628 993 4676 i.
1012 4640 1036 4674 e.
1057 4630 1245 4686 mensutam
1274 4643 1334 4677 cum
1361 4643 1433 4679 roes·
1540 4641 1541 4650 ¹
