3092 5286
241 422 319 498 212

238 601 271 663 iu
299 601 366 665 dies
393 600 586 666 incremento
602 599 714 684 onpint.
746 602 850 679 Quare
875 619 946 664 eoru.
972 603 1010 666 nd
1034 623 1060 666 s.
1085 602 1270 686 Scripturne
1291 604 1420 670 studium

239 710 377 790 oooedit,
392 709 454 772 nil
470 709 531 774 sibi
545 709 703 794 'antiquius
718 708 860 790 hebebit,
891 729 982 791 quoue
998 719 1033 774 ut
1050 713 1244 792 consideret,
1270 717 1420 798 quomodo

237 839 313 882 vern
342 817 455 908 religio
482 818 524 882 sit
551 817 731 883 introducto
758 821 789 880 ot
818 823 1019 897 conservata,
1061 821 1216 903 quomodo
1250 807 1330 906 lion,
1365 845 1422 907 quo

239 927 344 992 studio
373 947 430 992 suo
458 932 647 1011 occupatur,
670 927 772 1006 sueto,
796 927 854 990 luno
881 925 1042 1008 doctrino,
1066 929 1126 992 hoo
1149 929 1300 994 vaticinio
1326 932 1422 995 homi·

238 1057 294 1102 nes
324 1036 363 1100 nd
389 1035 448 1100 Dei
478 1035 702 1122 coguitionem,
739 1031 868 1116 ejusque
900 1055 937 1098 ee
966 1036 1099 1118 proximi
1126 1037 1326 1102 dileetiouem
1354 1060 1423 1121 per-

238 1147 408 1224 duooutor,
442 1148 646 1222 moveantur,
680 1139 860 1222 firmentur,
895 1143 1002 1224 paneis
1038 1145 1129 1228 qnnle
1167 1166 1204 1208 ex
1241 1147 1301 1226 iis,
1347 1168 1422 1230 quoe

236 1255 400 1340 leguntur,
429 1274 488 1338 pro
515 1251 678 1338 religionis
701 1251 895 1314 incremento
923 1253 1110 1334 secesserit,
1143 1256 1300 1338 modoque
1327 1255 1422 1320 adhue

237 1362 367 1426 recedet
394 1365 583 1425 momentum
599 1359 643 1448 ⁸).

327 1470 364 1534 Si
392 1469 529 1534 studium
551 1467 699 1534 biblicum
726 1467 786 1531 hoe
816 1465 948 1531 oonsilio
975 1468 1169 1549 instituitur,
1193 1471 1420 1558 diligenterque

236 1582 461 1660 pertroetotnr,
478 1576 655 1664 longissimo
671 1575 924 1641 observationum
939 1576 1149 1660 piissimorum
1165 1599 1268 1666 seges,
1283 1580 1423 1647 fruetus·

237 1709 297 1772 que
322 1687 473 1752 uberrimi
499 1687 668 1771 impensem
695 1685 786 1749 libris
813 1685 914 1748 saeris
940 1705 1068 1768 opernm
1092 1688 1249 1754 oumulate
1273 1711 1423 1774 oompeu·

240 1799 363 1862 sebum.
406 1797 541 1862 Aliunde
568 1817 643 1861 vero
681 1794 888 1880 intelligitur,
920 1815 937 1858 e
964 1795 1075 1861 Bibliis
1102 1799 1239 1862 eruenda
1265 1819 1329 1862 uou
1357 1819 1424 1864 esse

235 1905 402 1992 religioso,
426 1903 488 1970 uisi
504 1923 583 1988 quoe
599 1903 677 1987 ipsis
692 1918 803 1968 revere
819 1903 939 1982 insunt,
969 1908 1002 1967 et
1022 1905 1061 1968 oli
1079 1905 1220 1970 omuibus
1235 1905 1377 1971 minutiis
1394 1913 1423 1971 et

235 2014 364 2098 ineptiis
380 2013 474 2080 etiam
490 2015 575 2078 eirea
591 2013 652 2077 lnoe
668 2011 827 2098 negotium
839 2011 1055 2076 abstinendum
1072 2034 1152 2096 esse,
1169 2036 1227 2078 neo
1243 2016 1423 2096 timendum,

235 2141 273 2184 ue
296 2120 427 2186 materia
455 2120 708 2186 observationum
734 2120 774 2184 od
801 2120 985 2206 religionem
1014 2122 1222 2206 spectantium
1238 2125 1339 2203 desit,
1365 2124 1423 2188 etsi

236 2232 313 2294 hoec
329 2229 406 2293 vitio
422 2229 589 2294 evitentur.

257 2373 282 2439 ¹)
301 2379 426 2439 „Veritus
441 2381 483 2425 est
497 2379 523 2424 lo
535 2377 676 2438 Scripturis
687 2377 784 2424 ornetis
803 2379 964 2437 queereode,
983 2391 1033 2425 uon
1048 2379 1207 2438 eloquentie.
1230 2378 1421 2438 011111181τί1-

301 2474 359 2516 turs
377 2481 452 2517 erere
466 2481 498 2516 eo
515 2467 608 2527 spiritu
622 2467 701 2516 debet
716 2467 784 2528 legi,
804 2481 855 2528 quo
871 2469 1032 2528 scriptasit.
1053 2471 1183 2528 Quaerere
1192 2469 1280 2528 potius
1296 2469 1419 2516 debemur

301 2560 440 2607 utilitatem
452 2559 479 2606 in
499 2557 650 2620 seripturis,
673 2571 747 2618 quoru
759 2557 938 2606 subumiiotem
954 2553 1114 2606 sermoolo.”
1134 2535 1280 2606 enonas
1295 2572 1312 2606 s
1331 2560 1421 2604 Kenn-

302 2652 372 2711 pis,
392 2652 423 2697 de
439 2650 580 2696 imitatione
599 2650 707 2697 Christi.
726 2649 782 2695 111).
800 2649 820 2695 1.
845 2660 901 2710 eep.
921 2649 946 2695 1.
983 2650 1064 2707 „Wer
1081 2649 1151 2696 nieht
1169 2651 1202 2696 im
1221 2647 1312 2696 enisos
1339 2662 1420 2696 unse·

302 2753 347 2788 rer
363 2741 519 2799 Evangelieu
540 2741 682 2800 exegesirt,
712 2741 825 2787 sonderu
845 2738 915 2786 bloss
942 2753 981 2786 nm
1004 2739 1165 2786 Buehstnbeu
1186 2743 1260 2799 negt,
1287 2741 1336 2786 der
1359 2740 1421 2785 lenit

302 2829 410 2888 Gerrho,
439 2832 487 2878 den
506 2831 618 2890 heiligen
646 2829 859 2876 Sehrlitstellsru
876 2833 957 2876 etwes
980 2843 1013 2876 uu
1036 2828 1250 2889 untersohlebeu,
1270 2843 1361 2876 worsu
1384 2831 1421 2875 sie

300 2924 371 2970 nieht
396 2922 538 2969 dnehteu.”
567 2923 612 2969 Dr.
633 2920 754 2980 Grntz,
775 2920 1072 2968 misinen-oiommseuer
1092 2921 1255 2968 commentor
1282 2921 1351 2967 uber
1376 2923 1420 2966 dos

298 3014 464 3075 lirnngelium
477 3015 523 3060 dos
543 3012 697 3060 llntthseus.
717 3010 780 3058 1111.
803 3012 879 3060 1821.
899 3011 970 3060 Toni.
989 3012 1010 3060 1.
1028 3027 1055 3074 p.
1076 3013 1136 3060 122.

251 3097 277 3168 ¹)
298 3107 383 3166 Quare
404 3105 504 3152 minime
521 3103 690 3174 reprobemus
705 3115 779 3150 unum
798 3116 819 3149 s.
837 3102 987 3164 scripturos
1004 3117 1028 3150 e.
1042 3116 1066 3162 g.
1086 3105 1119 3150 ed
1133 3104 1269 3150 historiam
1286 3106 1421 3164 proteum

298 3197 501 3255 dilneldoudenn,
522 3195 554 3242 sd
567 3193 750 3255 geographiam
764 3193 894 3253 antiquom
910 3193 1002 3240 melius
1018 3193 1243 3252 cognoscendam,
1263 3195 1297 3240 nd
1314 3195 1419 3241 enthro-

297 3289 433 3347 pologlee,
448 3288 517 3348 jurio
536 3287 651 3346 antiqui,
672 3285 831 3345 illorumque
851 3285 1041 3346 disciplinnrum
1059 3285 1170 3331 studium
1185 3284 1344 3346 juvandum,
1371 3287 1419 3332 imo

297 3390 353 3424 eum
371 3387 533 3436 summopere
551 3376 692 3434 leodoinus,
712 3376 735 3421 si
752 3375 785 3421 ed
801 3375 965 3422 excolendum
981 3375 1138 3434 diseiplinnm
1154 3375 1324 3432 convertitur,
1344 3389 1416 3435 quse,

299 3473 328 3514 ut
344 3467 525 3526 merneologto
543 3466 646 3522 biblion,
664 3466 806 3513 eduorum
826 3466 950 3514 ruiturum
967 3469 1012 3514 sut
1028 3466 1162 3514 mellonem
1171 3467 1218 3512 Dei
1237 3467 1419 3526 hominumque

282 3559 470 3624 ,cognitionem
485 3557 595 3604 oouiert.

252 3642 277 3709 ι)
295 3649 393 3706 „ledes
409 3649 479 3713 Burin
492 3648 541 3696 ooli
554 3647 651 3694 sowolnl
669 3647 694 3694 io
710 3648 796 3708 Beuog
815 3649 862 3694 eoi
877 3648 923 3694 dns
942 3647 1030 3696 Grues
1044 3648 1082 3696 uls
1106 3649 1147 3694 die
1166 3648 1302 3696 einzelnen
1328 3648 1418 3694 'rheile

296 3741 381 3788 seinos
397 3740 495 3786 luholts
510 3739 537 3784 io
558 3740 614 3785 dem
630 3739 709 3785 diune
732 3740 781 3786 und
801 3739 890 3786 deiste
910 3740 1054 3799 surgeretur
1072 3741 1123 3786 und
1149 3739 1273 3798 gedeutet
1303 3741 1417 3794 werden,

296 3831 321 3876 iu
339 3830 461 3876 welchem
476 3828 597 3876 desselbe
619 3830 733 3876 rerinsst
752 3831 860 3878 worden
886 3831 931 3877 iot.
959 3831 1127 3890 Wesswegeu
1156 3830 1278 3888 religiose
1307 3831 1418 3888 euenor,

295 3919 403 3980 lolglloh
423 3919 474 3965 olle
489 3919 591 3966 Bdeher
610 3919 655 3966 deo
669 3919 738 3966 alten
756 3919 808 3966 oud
824 3933 908 3967 neuen
926 3921 1029 3967 Bondes
1048 3932 1097 3966 nur
1118 3931 1174 3965 vom
1194 3919 1416 3980 Gesielntspuneto

296 4010 342 4056 der
360 4008 480 4068 Religion
503 4009 666 4065 temnerent.
693 4009 747 4056 und
770 4011 870 4057 norim
895 4011 1036 4069 religionen
1056 4009 1146 4057 (ieiste
1167 4011 1289 4068 retentet
1308 4013 1415 4058 werden

295 4099 410 4148 sollen.”
431 4099 562 4160 Nsehtrog
578 4112 611 4146 uu
628 4101 657 4146 Ρ.
676 4100 705 4146 B.
722 4099 856 4146 zimer’s
875 4101 1074 4159 kornqetnssrsr
1088 4099 1252 4159 Blogrsphio
1272 4102 1337 4148 oder
1353 4102 1414 4148 des·

294 4188 535 4250 sellieu'l'hoologie
553 4190 784 4250 uodl’hilosopinie
797 4193 848 4236 ete.
863 4203 912 4236 von
926 4190 982 4236 dos.
994 4189 1142 4238 Widmer.
1164 4191 1208 4238 Uri
1220 4191 1299 4238 1823.
1314 4205 1340 4250 p.
1357 4192 1418 4236 127-

546 4367 574 4435 s.
592 4365 647 4425 111.
664 4366 700 4426 lie
717 4367 864 4428 odiliendo
880 4366 908 4425 1.
923 4365 948 4424 1.
964 4367 1085 4426 oonsilio.

309 4514 398 4578 sid.
416 4513 451 4576 F.
478 4533 516 4578 eo
545 4513 677 4578 oonsilio
704 4519 845 4600 prostat,
871 4519 906 4578 ut
934 4517 1121 4596 domemur,
1155 4518 1314 4602 quomodo
1341 4535 1416 4580 vere

215 4622 328 4708 religio
345 4623 387 4690 sit
403 4621 584 4691 introducto
601 4627 633 4690 et
650 4643 710 4708 opo
727 4624 923 4690 theoorstioe
942 4629 1153 4708 conseruato,¹
1176 4628 1416 4712 perfectiorque
