3118 5282
254 401 333 478 858

280 576 306 642 ι)
324 583 482 632 Nicolaus
502 584 641 631 lalreous
665 579 696 646 st
710 581 803 646 rato.)
826 587 853 630 et
871 583 996 632 Paulus
1017 585 1205 645 durgenrls
1225 583 1258 649 st
1273 583 1371 646 litt.)
1396 596 1444 630 non
1552 609 1553 656 ι

325 677 425 722 tantum
450 685 561 734 praem
585 673 633 722 sed
659 677 688 722 et
711 672 851 721 hetraleae
875 673 980 733 tmpore
998 675 1093 736 periti,
1124 687 1175 722 nee
1196 688 1247 722 neu
1271 675 1446 722 ltelslsleorum

325 765 423 812 alanni
447 771 474 812 et
491 769 650 819 sectatores,
670 764 696 812 ln
726 775 833 812 sensum
856 764 984 812 literalem
1011 764 1160 825 dtllpsntlus
1187 769 1371 826 penetrarunt.
1391 765 1444 822 llle,

323 856 399 904 lalree
426 856 452 902 tr
477 855 635 902 llsrmennle
661 859 753 916 astur,
782 855 843 914 qul,
873 859 1011 915 postquem
1036 869 1052 904 s
1077 856 1209 904 Judeleno
1234 857 1267 904 ed
1292 857 1445 916 religionem

323 945 489 994 christlsuem
505 944 666 1004 transitaret,
686 944 802 992 ordinem
823 956 846 992 s.
868 945 1003 993 Frenclsri
1019 945 1158 1005 ingressus
1174 953 1227 1007 est,
1246 959 1306 994 cum
1320 948 1349 992 in
1370 947 1445 994 eom-

325 1035 458 1084 manterlls
484 1037 541 1083 suls
561 1035 660 1084 soleret
683 1035 765 1094 prlmo
795 1035 854 1083 leco
877 1035 959 1083 rerba
980 1038 1067 1084 textus
1085 1050 1108 1084 s.
1134 1036 1304 1097 flerlpturae,
1332 1041 1362 1083 et
1386 1038 1447 1099 poet

324 1124 374 1174 illa
397 1137 458 1173 suae
481 1131 508 1174 et
532 1125 639 1173 etiamn
663 1129 740 1172 notes
763 1136 914 1185 apponere,
935 1125 1069 1185 lnam-lpslt
1089 1138 1155 1187 opus
1175 1127 1277 1175 nemim
1301 1127 1445 1174 Pastillos.
1553 1125 1554 1184 ἦ

329 1216 404 1262 latest
433 1228 498 1264 vero
526 1217 554 1264 ln
579 1216 621 1264 lsls
646 1215 715 1264 netis
739 1229 834 1264 semus
860 1217 1044 1276 grammaticae
1063 1220 1091 1265 et
1108 1217 1249 1266 lrtstorleus
1268 1217 1446 1276 praeferetur,

325 1306 468 1366 allegoriae
490 1309 578 1354 minse
597 1319 650 1354 nen
673 1317 781 1366 prorsus
801 1307 912 1368 desunt,
940 1309 968 1355 et
989 1319 1080 1366 marne
1098 1308 1198 1354 ἱιιιιιιιι
1214 1319 1277 1366 pare
1297 1307 1327 1352 ln
1345 1305 1446 1365 disqui-

325 1395 461 1444 eltloalbue
480 1395 632 1456 dognettels
650 1399 678 1444 et
699 1395 841 1444 moralibus
859 1401 991 1446 veremur.
1027 1397 1087 1444 luit
1104 1407 1167 1444 rere
1186 1397 1265 1456 hujus
1286 1396 1381 1454 operis
1399 1406 1447 1441 suo

325 1489 443 1546 tempere
461 1489 533 1534 tante
547 1485 702 1534 celebritas.
721 1491 749 1534 ut
768 1487 918 1535 diceretura
938 1486 1020 1547 „Nisi
1037 1487 1105 1534 he're
1124 1487 1253 1548 lprueeet.
1275 1489 1351 1534 tetrae
1370 1499 1445 1532 ιιιιιιι-

326 1577 375 1624 dae
403 1576 581 1626 delta-amer*
617 1575 739 1624 Paulus
765 1576 973 1638 Burrensls,
1005 1578 1042 1624 lta
1069 1577 1167 1634 dietus,
1197 1577 1273 1638 puls.
1307 1579 1446 1636 postquam

327 1667 547 1728 quadragenarias
566 1665 679 1716 leetlone
692 1665 811 1716 Summae
831 1679 854 1716 r.
874 1667 988 1718 ihomas
1007 1681 1038 1738 ex
1056 1668 1153 1716 lumen
1172 1667 1339 1716 christianus
1361 1668 1447 1714 tectus

327 1758 434 1816 luisset,
453 1758 555 1806 tandem
575 1757 607 1804 sd
622 1757 874 1818 archiepiscopatum
888 1759 1056 1822 Barpesren
1069 1759 1096 1806 ln
1109 1758 1234 1818 lllspenle
1255 1761 1369 1806 evectus
1393 1761 1446 1804 est.

323 1847 633 1908 SnrlprltAesotetiorses
647 1847 819 1898 sdl'nrtillss
825 1849 934 1898 Nioolni
944 1849 1060 1910 debus,
1071 1849 1098 1896 in
1111 1849 1201 1910 quibus
1214 1849 1320 1908 qnidam
1335 1860 1441 1896 sensnm

327 1939 452 1986 literalem
476 1939 633 2000 universim,
652 1952 704 1988 non
724 1942 811 1988 temen
830 1939 856 1986 lu
876 1940 984 2002 slnpnlle
1004 1939 1070 1988 locis
1088 1942 1196 1999 mystico
1223 1941 1360 2000 praefert,
1386 1950 1447 1985 cse-

326 2033 409 2076 teruna
428 2032 512 2076 sutem
527 2029 655 2091 latronum,
675 2030 819 2078 lllbllorum
832 2031 1003 2092 interpretem
1015 2032 1100 2079 varlas
1116 2031 1149 2078 ola
1162 2043 1254 2078 causes
1267 2031 1448 2090 reprehendit.

253 2243 280 2310 s.
297 2245 357 2304 tte.
372 2238 649 2298 tmctomnlatrun
663 2241 692 2298 lu
707 2239 837 2312 mereatu
851 2241 952 2300 merite
966 2240 1064 2300 matre
1079 2239 1252 2298 adimentes
1266 2237 1451 2297 summatum

347 2426 425 2489 Gom
440 2427 632 2509 interpretes
648 2427 831 2505 Christiani,
849 2447 928 2510 quos
944 2427 1142 2512 praecipuos,
1166 2426 1221 2511 qui
1236 2426 1309 2490 inde
1333 2447 1354 2490 a
1368 2431 1450 2491 tem-

253 2555 332 2620 pore
350 2533 470 2600 Christi
493 2537 673 2616 extiterunt,
695 2536 900 2620 laudavimus,
923 2536 1084 2600 maximam
1106 2540 1226 2619 partem
1251 2536 1291 2599 ad
1314 2555 1450 2598 venera-
1555 2537 1556 2604 j

250 2643 331 2708 biles
351 2645 513 2709 Ecclesiae
530 2647 641 2710 Patres
663 2643 822 2710 referendi
845 2647 917 2727 sint,
941 2667 1003 2709 noo
1020 2645 1075 2708 abs
1091 2665 1127 2708 re
1150 2663 1221 2710 esse
1245 2644 1450 2712 moliremur,

254 2753 283 2816 si
299 2753 331 2816 iu
346 2751 408 2818 line
423 2753 514 2838 hujus
531 2754 644 2838 capitis
660 2755 700 2818 ad
715 2755 898 2818 vindicanda
913 2759 1093 2820 sanctorum
1108 2755 1236 2818 Petrum
1248 2753 1365 2816 merita
1378 2773 1450 2816 exe-

253 2862 358 2947 getica
373 2867 483 2926 contra
499 2863 749 2928 adversariorum
774 2863 1007 2928 criminationes
1033 2862 1207 2948 generatim
1233 2880 1336 2944 panca
1364 2862 1450 2926 dica-

254 2988 333 3034 mus.
349 2970 491 3034 Fuerunt
506 2973 587 3034 enirn
602 2972 674 3036 inde
691 2993 710 3036 a
724 2972 851 3035 saeculo
867 2971 1007 3056 proxime
1021 2970 1238 3056 praeterlapso
1252 2968 1375 3054 plures,
1398 2969 1449 3054 qui

253 3077 507 3144 Richardum
534 3079 726 3145 Simonem
754 3081 866 3164 secuti,
891 3081 951 3145 sibi
977 3080 1010 3144 in
1035 3077 1239 3162 vituperanda
1263 3085 1448 3143 sanctorum

253 3187 381 3250 Petrum
398 3187 593 3274 expositione
609 3189 784 3274 phoebaei,
807 3189 853 3254 ita
869 3193 904 3252 ut
919 3188 992 3254 illos
1007 3189 1087 3253 benc
1103 3189 1140 3252 de
1157 3207 1183 3252 s.
1202 3187 1374 3272 Scriptura
1396 3187 1446 3249 in·

253 3298 458 3379 terpretanda
471 3299 624 3363 meruisse
640 3304 800 3386 negarent.
823 3299 889 3364 lmo
906 3298 1034 3362 nonnuli
1050 3319 1088 3362 eo
1104 3296 1384 3382 progediebantur,
1414 3301 1448 3358 ut

251 3405 300 3470 vel
329 3405 466 3490 optimos
493 3428 635 3490 quosque
662 3409 784 3488 Patres,
808 3407 837 3470 si
863 3429 925 3472 non
952 3406 1122 3472 haereticis
1150 3405 1291 3489 ejusdem
1317 3405 1447 3487 aetatis,
1556 3461 1557 3464 ,

250 3520 337 3578 certe
352 3516 542 3580 recentioris
556 3517 710 3600 temporis
724 3517 948 3600 interpretibus
965 3515 1059 3602 longe
1082 3515 1249 3578 interiores
1266 3533 1341 3577 esse
1357 3515 1443 3576 dice·

251 3627 323 3684 reut
340 3616 382 3708 ¹).
405 3623 441 3686 ld
457 3645 532 3687 vero
548 3623 665 3689 iactum
681 3643 751 3688 esse
766 3623 899 3707 videtur,
924 3625 1008 3706 quod
1022 3623 1090 3686 iore
1107 3641 1213 3686 omnes
1230 3641 1267 3684 ex
1283 3641 1345 3684 nna
1357 3630 1449 3704 parte
1556 3649 1557 3680 l

251 3731 438 3794 necessariis
453 3733 681 3818 interpretandi
696 3733 903 3818 adminiculis,
928 3733 1095 3818 praecipue
1111 3732 1293 3795 idiomatum
1317 3731 1449 3816 orgina-

251 3838 327 3902 lium
343 3840 457 3922 peritia
472 3847 505 3906 et
520 3863 626 3908 rerum
641 3843 824 3908 bibliensem
841 3841 1021 3928 cognitione
1037 3840 1218 3918 destitutos,
1247 3845 1280 3901 et
1296 3844 1448 3921 proterea

252 3951 291 4014 ad
321 3949 612 4033 interpretationem
642 3953 875 4038 grammaticam
907 3956 940 4016 et
970 3950 1153 4014 historicam
1183 3947 1286 4012 minus
1312 3947 1448 4011 idoneos

250 4057 359 4138 luisse,
384 4077 421 4121 ex
436 4057 536 4122 altera
551 4065 654 4122 autem
670 4064 760 4142 parte
784 4059 877 4123 nimio
907 4058 1128 4144 allegoriarum
1156 4055 1273 4136 studio,
1298 4054 1447 4141 neglecto
1556 4063 1557 4066 ’

249 4167 316 4230 iere
332 4157 466 4251 prorsus
481 4187 575 4232 sensu
591 4167 717 4248 literali,
740 4167 909 4232 indulsisse
926 4167 1164 4230 arbitrarentur.

342 4278 440 4356 Quam
456 4274 605 4360 injustum
621 4298 696 4341 vero
714 4277 832 4340 sithoc
849 4277 887 4340 de
904 4274 1165 4361 interpretatione
1182 4275 1367 4336 sanctorum
1386 4274 1448 4335 Pa·

249 4375 333 4450 trum
343 4385 516 4470 judicium,
540 4385 631 4450 facile
649 4387 835 4452 ostenditur.
867 4388 907 4450 Et
924 4386 1055 4469 primum
1072 4383 1195 4466 quidem
1215 4381 1362 4446 deiectus
1389 4403 1449 4444 no-

248 4496 405 4575 titiarum,
423 4517 501 4580 quae
517 4497 556 4560 ad
572 4493 744 4580 proficuam
761 4497 933 4561 Bibliorum
958 4493 1249 4576 interpretationem
1274 4491 1445 4576 requirun-

245 4611 309 4684 tur,
333 4603 456 4668 minime
482 4613 549 4668 erat
575 4611 691 4687 tantus,
716 4611 862 4688 quantum
890 4602 1061 4668 adversarii
1096 4599 1243 4664 Patribus
1273 4598 1448 4682 objectant.
