3112 5284
594 645 622 712 s.
641 637 701 698 edd.
718 637 819 700 tersio.

202 809 313 872 Versio
329 807 447 872 dieitur
472 807 660 892 permutatio
675 807 801 895 linguae
821 807 895 874 libri
916 808 1047 893 ulieujsm
1071 829 1140 874 eum
1163 809 1224 873 alia
1240 810 1300 872 lin·

108 915 232 1004 gua1).
261 915 438 982 Instituitur
461 937 498 981 eo
524 915 676 998 oonsilio,
699 921 736 981 ut
755 917 869 982 librum
890 917 1085 1004 intelligant,
1101 917 1154 1002 qui
1175 917 1300 996 idioma,

110 1047 174 1111 qno
190 1031 315 1110 praesto
331 1030 392 1107 est,
408 1045 469 1090 non
485 1021 610 1091 eadent.
634 1023 724 1106 Quod
740 1025 773 1090 in
788 1025 893 1111 speeie
909 1023 1022 1091 attinet
1037 1027 1211 1090 versionem
1226 1027 1296 1089 bib-

108 1133 219 1214 licam,
243 1152 279 1196 ea
301 1133 394 1198 simul
415 1139 465 1198 ost
485 1133 685 1198 utilissimum
705 1133 861 1200 tironibus
882 1134 1153 1218 interpretationis
1175 1134 1297 1197 exerei-

107 1243 197 1306 tium.
220 1241 343 1306 lltenirn
359 1263 430 1306 oum
444 1243 478 1306 in
493 1261 531 1306 so
547 1246 650 1324 erunt,
673 1247 709 1306 ut
724 1247 857 1323 vertant,
880 1261 960 1328 quas
975 1241 1119 1328 legentes
1134 1241 1232 1325 probe
1249 1242 1298 1304 in·

107 1349 271 1415 tellerisse
286 1351 481 1430 videbantur,
506 1350 625 1416 sentim
640 1351 821 1433 haerebunt,
844 1351 1064 1431 observantes,
1086 1369 1122 1414 ss
1137 1352 1294 1416 notionem

106 1459 243 1544 aliquam
257 1457 307 1523 vol
323 1477 449 1524 sensum
468 1477 662 1544 nequaqnam
677 1458 769 1544 plane
783 1465 816 1524 et
832 1460 917 1525 elevo
933 1459 1124 1544 pereepisse.
1152 1461 1222 1538 Qua
1238 1460 1296 1524 ob·

106 1567 285 1634 servatione
301 1567 469 1653 adigantur
482 1586 544 1631 non
558 1563 677 1648 solum,
699 1571 736 1631 nt
758 1585 837 1632 novo
853 1571 886 1631 et
901 1565 1054 1632 ulteriore
1078 1565 1215 1630 examine
1231 1568 1298 1631 dis-

105 1680 191 1756 eunt,
214 1675 288 1759 quid
302 1673 530 1762 intelligentiae
545 1693 622 1739 suae
638 1674 792 1756 deluerit,
815 1679 848 1738 et
868 1675 901 1738 in
916 1675 1050 1738 animum
1065 1674 1232 1759 seripturis
1247 1675 1296 1738 in·

105 1785 217 1848 timum
231 1787 409 1866 penetrent,
431 1784 597 1848 sedetiam
618 1789 655 1848 ut
676 1785 865 1870 comparatis
879 1783 1021 1864 aliorum,
1044 1801 1123 1868 quas
1146 1783 1299 1848 babentnr

104 1891 304 1956 versionibus
319 1891 476 1978 ingenium
492 1911 581 1956 suum
597 1897 721 1956 acuant.

199 1999 339 2086 ltegulae
377 1999 476 2064 bonas
513 2001 687 2080 versionis,
737 2019 816 2083 quae
859 2021 876 2063 e
919 1997 1097 2064 delinitione
1137 2000 1296 2064 deducun-

108 2114 181 2191 tur,
209 2111 321 2173 sunto¹

153 2217 192 2281 A.
223 2217 256 2281 A
270 2218 473 2284 mutavere
486 2219 602 2302 lingum
616 2228 767 2283 mutetur.
791 2217 839 2280 bd
854 2215 990 2303 linguam

203 2327 234 2390 1.
259 2323 421 2407 specum
432 2325 605 2408 meatem,
628 2325 741 2409 quibus
756 2325 863 2410 itaque
880 2323 941 2389 alia
956 2323 1197 2406 substituantur,
1217 2345 1296 2408 quae

104 2434 282 2520 peregrinis
308 2434 431 2498 ratione
457 2432 670 2522 signifieatus,
694 2457 754 2502 non
779 2453 856 2500 vero
878 2434 1084 2521 etymologiae
1105 2440 1224 2499 tuntum
1240 2457 1292 2500 re-

104 2543 261 2627 spondent
275 2538 319 2629 ²).

197 2655 233 2716 2.
245 2651 301 2716 Ad
311 2654 457 2733 tamquam
468 2657 636 2735 pertineat
642 2659 878 2736 grammaticae
890 2663 921 2718 et
930 2655 1131 2736 mmoetteae
1140 2655 1294 2734 proprie-

103 2767 204 2840 tutes,
220 2774 300 2840 quae
316 2777 334 2822 e
349 2760 444 2846 genio
458 2759 583 2847 linguae
598 2763 784 2848 peregrinae
799 2761 1016 2846 provenientes
1031 2759 1154 2845 legibus
1169 2759 1293 2846 linguae

108 2867 263 2932 versionis
278 2871 525 2950 attemperantur
540 2864 584 2956 ⁸).

196 2978 229 3042 3.
252 2975 397 3040 Domum
408 2977 456 3041 od
466 2979 613 3059 linguam
627 2979 825 3062 referendae
835 2987 914 3043 suot
928 2978 1081 3059 pbruses,
1098 2995 1177 3058 quae
1188 2977 1291 3060 proin,

104 3083 135 3146 ei
151 3084 190 3146 ad
205 3081 331 3146 literam
356 3084 563 3150 translataee
583 3087 674 3172 genio
695 3086 819 3172 linguae
840 3086 1026 3172 peregrinas
1051 3084 1204 3148 obscurae
1225 3104 1292 3147 nse·

103 3195 200 3270 nent,
221 3191 412 3258 inversione
429 3191 544 3257 elarius
559 3195 729 3258 reddantur
743 3190 787 3282 ⁴).
811 3195 853 3258 st
868 3193 962 3278 bojas
987 3191 1166 3256 mutationis
1184 3189 1292 3273 justos

103 3315 258 3382 nunquam
268 3300 408 3387 ¹innigrare
423 3299 552 3383 limites,
576 3321 667 3385 quam
683 3301 823 3384 difficile,
840 3321 930 3385 qoam
945 3301 1074 3366 arduum
1089 3317 1167 3383 opus
1184 3293 1245 3387 Ἣ

150 3407 188 3472 Β.
218 3409 321 3492 Natu,
344 3411 414 3474 odsi
427 3411 543 3493 lingue
556 3421 707 3476 mutetur.
730 3410 819 3475 Unde

194 3518 225 3579 1.
249 3517 316 3581 sine
330 3518 413 3581 omni
427 3519 642 3582 immutatione
658 3525 799 3584 maneant
815 3522 965 3600 rugitum,
978 3522 1010 3582 et
1024 3519 1125 3600 proin,
1137 3523 1286 3601 mantum

103 3618 177 3686 fieri
196 3627 320 3707 potest,
343 3643 448 3690 omnes
470 3625 543 3690 illae
559 3626 683 3712 linguae
698 3623 884 3712 peregrinae
899 3627 1022 3690 diosndi
1037 3623 1193 3708 rationes,
1215 3629 1287 3710 qni-

101 3732 162 3796 bus
183 3731 287 3814 adona
308 3733 410 3798 virtus
425 3733 491 3797 sive
506 3733 610 3820 logice
633 3735 700 3797 sive
721 3734 895 3798 oestbetioa
910 3735 1011 3815 inest,
1033 3734 1201 3821 diligenter
1219 3756 1289 3799 sor-

101 3847 217 3906 ventur
232 3837 275 3928 ⁶).
299 3843 356 3922 lla,
380 3860 459 3924 quae
479 3841 605 3928 linguae
621 3841 766 3928 originali
785 3843 831 3906 ita
851 3841 1032 3925 inhaerent,
1053 3847 1091 3907 st
1105 3845 1137 3907 in
1152 3844 1288 3931 linguam

100 3950 254 4014 versionis
269 3949 430 4014 voeabnlis
453 3953 575 4016 omnino
600 3951 860 4036 respondentibus
876 3949 982 4016 etimri
997 3971 1057 4015 nos
1076 3954 1216 4037 possint,
1238 3953 1289 4016 vel

100 4058 405 4138 circumscribente,
427 4058 478 4123 vel
496 4059 658 4124 rumuliis
678 4061 881 4142 permutanda
899 4063 988 4139 sunt,
1011 4077 1090 4144 qnae
1105 4062 1145 4124 ad
1160 4079 1289 4143 expres·

102 4165 223 4230 sionem
238 4164 311 4228 libri
328 4166 491 4252 originalis
511 4169 650 4250 proxime
665 4168 817 4232 aeeedunt
831 4165 875 4254 ⁷).

191 4276 223 4338 2.
249 4272 366 4338 cassae
381 4273 442 4338 sibi
457 4277 639 4357 translator,
654 4297 693 4340 ne
708 4277 814 4339 verbis
835 4279 938 4338 textus
961 4273 1121 4360 originarii
1137 4275 1287 4336 determi-

97 4381 181 4445 natis
197 4383 299 4446 minus
322 4384 528 4446 determinata
544 4390 577 4448 et
591 4386 753 4470 ambiguae
776 4381 1032 4468 signifieationis,
1054 4387 1087 4446 et
1106 4382 1174 4445 vioe
1195 4401 1288 4445 versa

98 4491 206 4555 verbis
221 4491 547 4557 minusdeterminatis
564 4493 662 4578 magis
678 4492 882 4556 determinato
900 4497 932 4554 et
948 4491 1083 4554 certiora
1098 4491 1129 4552 in
1144 4489 1286 4553 versione

97 4599 271 4664 substituat
286 4596 329 4684 ⁸).
