3092 5286
1235 429 1318 510 211‘

201 603 355 664 honsomtur
366 615 493 673 ammisso
503 607 723 670 mognidcentiori,
739 605 788 660 hoe
800 603 857 660 snio
875 613 960 658 hinnu
979 604 1096 658 scictdio
1116 617 1167 660 non
1182 608 1317 671 deciditur,

203 719 262 754 nuo
275 704 356 752 vern·
368 718 394 750 v.
409 706 435 750 r.
454 680 574 776 notio-ip
592 705 669 777 hipp
689 706 749 777 ispo
769 705 954 763 convomit·
977 703 1170 764 interpretenda
1188 705 1252 750 cino:
1281 705 1318 752 ee

202 789 293 846 ueniet
307 795 479 846 desideratus
499 794 756 856 resumentibus,
776 795 792 840 i.
809 807 831 842 c.
851 793 980 850 Messius,
996 806 1028 840 en
1051 796 1080 840 ut
1093 793 1140 840 ulii
1157 796 1262 848 volunt:
1282 797 1317 844 lit

202 889 317 944 uenient,
336 897 384 934 seu
403 887 551 946 offerentur
576 886 733 933 desider-oto
746 897 793 932 seu
810 879 1019 940 desiderabilia,
1040 887 1056 932 i.
1075 898 1099 932 e.
1119 899 1183 948 opes
1201 887 1316 936 omnium

201 981 326 1043 pestium,
345 979 530 1040 quictemplum
543 975 712 1024 tumhiecsiee
728 979 884 1037 praeseutia,
897 981 949 1023 tunt
966 977 1098 1038 gentillum
1109 977 1203 1038 opibus
1219 973 1315 1026 oblatis

203 1071 338 1130 ungustluc
362 1063 494 1124 redditur,
524 1065 640 1127 adeoque
666 1072 784 1113 neutrum
811 1065 917 1113 concilio
939 1065 1086 1126 Prophetae
1111 1073 1254 1127 repugnat,
1275 1075 1319 1116 out

203 1161 282 1208 unice
309 1159 435 1206 convenit.
473 1157 529 1204 Alia
556 1167 618 1206 vero
644 1156 829 1215 microcosmus
860 1155 977 1204 subsidia
1005 1156 1167 1204 numeni
1195 1157 1320 1218 Volesus

203 1247 388 1308 suffragentur.
407 1247 481 1294 coni.
495 1246 618 1294 nilioli
636 1247 668 1292 ed
686 1247 709 1292 h.
726 1247 743 1292 l.

351 1443 380 1510 s.
397 1434 450 1499 iii.
465 1431 502 1498 lie
517 1431 664 1499 addendo
680 1433 792 1498 enin
807 1436 895 1498 totino
910 1451 932 1498 s.
948 1433 1112 1533 scripturae.

225 1583 346 1670 Quodsi
356 1589 437 1674 jem,
454 1595 490 1653 ut
509 1585 547 1653 ad
564 1585 801 1674 applicationem
817 1589 943 1653 consilii
956 1581 988 1652 in
1004 1586 1094 1654 libris
1108 1584 1207 1653 sacris
1222 1585 1322 1654 inter-

135 1699 297 1786 pretandis
320 1697 487 1780 specialem
510 1703 721 1780 transeamus,
744 1697 845 1761 totius
867 1719 893 1762 s.
911 1691 1096 1780 Scripturas
1118 1691 1205 1762 notio
1228 1699 1267 1762 in·
1283 1713 1320 1762 eo

136 1808 242 1893 posita
264 1811 329 1885 est,
353 1811 389 1870 ut
408 1819 467 1870 nus
489 1805 753 1871 introductionem
770 1811 802 1869 et
824 1800 1092 1870 conseruationem
1107 1821 1201 1870 verae
1216 1807 1325 1892 religi-

137 1916 207 1980 onis
235 1916 363 1995 docent,
399 1929 518 1996 nosque
552 1911 590 1976 ad
618 1910 808 1998 diligendum
835 1913 933 1978 licum
971 1935 1040 1977 curn
1068 1915 1227 1998 proximo,
1262 1931 1324 1998 qua

137 2019 308 2089 dilectione
329 2037 403 2086 vere
424 2023 569 2099 heemur,
595 2027 790 2086 commoneat
812 2021 863 2110 (s.
887 2022 990 2111 naa),
1021 2031 1132 2108 sponte
1154 2037 1213 2108 pro
1241 2019 1323 2088 omni

137 2147 164 2196 s.
182 2131 367 2216 scripturae
390 2131 495 2194 studio
518 2131 628 2196 summi
646 2129 794 2195 momenti
809 2129 918 2216 regula
935 2133 1094 2214 nequitur,
1119 2151 1186 2197 earn
1202 2131 1325 2196 scilicet

138 2241 177 2306 ad
209 2243 292 2305 huno
319 2255 448 2324 scopum
481 2240 736 2303 considerandam
765 2257 850 2319 esse,
875 2242 911 2303 ut
937 2255 999 2303 non
1028 2236 1131 2305 solum
1163 2235 1326 2326 religionis

135 2347 332 2415 introductio
349 2354 382 2413 et
397 2351 594 2414 conservatio
612 2354 838 2433 cognoscatur,
862 2346 1027 2414 sedetiam
1049 2345 1110 2416 nei
1130 2345 1327 2435 proximique

138 2451 284 2538 dilectio,
308 2462 340 2520 et
353 2453 446 2540 proin
460 2456 596 2520 felicitas
610 2472 685 2520 vcra
699 2463 932 2541 promoveatur.
958 2452 1037 2522 Hine

231 2567 261 2630 i.
286 2563 353 2629 noli
377 2585 394 2627 c
417 2585 443 2628 s.
467 2560 635 2648 Scriptura
659 2565 869 2646 rhetoricum,
894 2567 1131 2646 astronomiam,
1154 2563 1329 2651 physicam,

134 2669 299 2738 historiam
325 2673 516 2756 naturalem,
548 2680 646 2736 artem
674 2673 856 2757 militarem,
888 2668 967 2756 imo,
1004 2675 1088 2760 quod
1118 2675 1235 2739 iactum
1269 2679 1328 2752 est,

136 2784 246 2866 prnxin
256 2775 434 2865 juridicam,
460 2788 490 2846 et
507 2799 585 2867 quae
602 2788 674 2846 sunt
690 2778 812 2862 similia,
830 2799 997 2866 quaerere,
1015 2786 1126 2866 utpote
1142 2782 1327 2848 alienissima

141 2912 164 2956 n
180 2888 332 2970 consilio,
356 2893 440 2974 qnod
456 2888 556 2968 Deus,
581 2891 726 2974 quodque
743 2890 950 2976 hagiographi
965 2889 997 2956 in
1014 2893 1167 2955 exaranda
1182 2911 1208 2954 s.
1223 2891 1326 2974 Serip·

139 3006 215 3064 tura
230 3001 332 3064 secuti
348 3006 419 3063 sunt
432 2994 474 3084 ¹).
498 3001 590 3078 Qtrod
604 3006 707 3063 temen
724 2995 802 3063 nihii
817 2997 963 3082 impedit,
988 3015 1049 3084 qno
1066 3000 1167 3062 minus
1184 3021 1236 3082 ce,
1253 3021 1331 3083 quau

137 3104 284 3174 inlibris
308 3109 407 3172 sacris
429 3109 501 3172 hinc
524 3109 597 3173 inde
622 3103 712 3192 quasi
733 3107 909 3172 incidenter
925 3108 962 3172 dc
979 3109 1049 3172 aliis
1071 3104 1194 3172 notitiis
1219 3105 1329 3192 spuria

138 3215 358 3304 reperiuntur,
383 3219 421 3281 ed
439 3233 543 3280 carum
559 3215 734 3302 proiectum
750 3215 968 3300 impendantur
979 3213 1021 3304 ³),

231 3333 262 3392 2.
286 3327 365 3393 Dein
380 3331 469 3410 patet
485 3344 521 3390 ex
537 3347 594 3406 eo,
619 3321 692 3411 qnid
709 3327 747 3392 de
763 3325 983 3408 plurimorum,
1005 3321 1191 3392 recentioris
1206 3322 1333 3410 ,praecia

139 3452 202 3521 pue
220 3437 383 3519 temporis,
399 3437 567 3500 doctorum
582 3430 738 3501 industria
754 3435 797 3500 cit
812 3429 986 3515 dicendum,
1005 3436 1059 3520 qui
1073 3434 1123 3498 vel
1139 3431 1333 3518 singulorum

139 3545 363 3610 vocabulorum
395 3549 450 3608 aut
476 3543 635 3627 phrasium
659 3539 895 3630 'significationi
921 3540 1130 3623 definiendae,
1171 3542 1222 3606 uel
1255 3542 1334 3626 ipsis

141 3649 324 3718 notionibus
341 3671 400 3735 ope
417 3649 614 3736 antiquorum
638 3647 895 3715 documentorum
912 3656 967 3716 eut
988 3651 1201 3716 recentiorum
1224 3650 1336 3714 ohser-

141 3743 301 3826 vationum
330 3755 536 3824 diiucidandis
564 3773 682 3822 summa
696 3763 728 3821 et
751 3753 908 3824 indefessa
934 3757 1131 3823 insudarunt.
1167 3751 1337 3824 Laudanda

142 3869 289 3934 nimirum
311 3872 360 3932 est
381 3869 459 3932 haec
485 3887 591 3930 eorum
613 3866 769 3930 industria
791 3865 823 3930 in
840 3865 987 3932 subsidiis
1004 3863 1043 3929 ad
1064 3863 1158 3930 iiuem
1181 3888 1207 3930 s.
1225 3867 1347 3948 scrip-f

142 3983 235 4042 turae
262 3977 381 4042 certius
409 3977 661 4059 consequendum
695 3975 821 4058 praevie
849 3971 1040 4040 necessariis
1073 3975 1338 4060 pervestigandis,

143 4087 314 4152 dummodo
340 4087 422 4150 hune
456 4084 558 4168 ipsum
585 4081 695 4167 finem,
738 4083 788 4146 cui
815 4079 871 4146 illa
894 4083 1069 4146 inserviunt
1094 4089 1233 4162 tanturn,
1275 4103 1338 4144 non

145 4194 321 4280 negligant,
348 4190 560 4274 consilioque,
586 4193 668 4276 qnod
684 4192 716 4254 in
731 4188 906 4254 tractandis
923 4191 1023 4254 sacris
1046 4190 1136 4255 libris
1153 4192 1339 4254 obversetur

144 4303 258 4381 menti,
282 4303 423 4366 minutiis
440 4301 532 4386 quasi
549 4300 695 4382 occupati
711 4321 774 4362 non
788 4300 916 4362 nimium
933 4299 1046 4362 desint.

236 4415 269 4477 3.
293 4411 356 4490 Qui
379 4418 489 4474 contra
512 4410 652 4494 regulam
674 4407 869 4490 propositam
901 4407 1059 4486 studiose,
1083 4413 1179 4492 prout
1201 4413 1338 4491 oportet,

145 4521 317 4583 ohservare
341 4519 491 4597 intendit,
517 4539 554 4582 co
578 4518 681 4580 animo
705 4536 730 4578 s.
755 4515 956 4596 scripturam
982 4511 1241 4600 ejusquc‘partes
1267 4537 1341 4599 per·

144 4623 313 4707 instrnhit,
337 4633 375 4698 ut
399 4627 431 4692 in
458 4626 624 4710 religionis
646 4630 710 4687 turn
735 4622 934 4696 institutione
956 4632 1031 4686 tom.
1045 4619 1198 4686 exercitio
1221 4623 1339 4706 majora

1053 4745 1121 4801 ii·
