3120 5294
1234 523 1282 596 81

172 713 367 772 llleronymlana
384 710 520 756 Academla
538 708 647 756 recitate
666 707 762 752 Romae
781 703 845 752 xlv.
864 703 920 750 llel.
939 701 1060 752 octobrls
1078 705 1285 754 lbtls'laurlnl.

171 805 234 852 Vide
252 803 342 850 Mnell
360 801 427 850 delle
445 801 552 850 selenae
576 799 711 860 rellssless,
739 797 867 856 compilati
886 796 950 842 dall’
969 795 1015 842 sb.
1034 797 1104 844 Ant.
1124 798 1287 846 lle-buce.

173 895 255 941 Roma
275 893 352 939 18³⁰.
371 892 428 937 hrt.
446 890 499 936 Vll.

129 977 154 1042 ὅ)
172 983 280 1030 Veteres
309 982 468 1038 interpretes
506 991 567 1024 usos
597 989 657 1024 esee
687 976 854 1021 dialectorum
883 973 987 1030 uetitis,
1019 976 1160 1023 monetmus
1187 976 1214 1038 S.
1235 977 1290 1036 893

174 1072 335 1120 recentiores
354 1082 418 1117 voro
435 1070 607 1116 translatores
628 1071 655 1114 et
673 1069 888 1113 commentatores
914 1064 1023 1112 biblicus
1042 1065 1069 1112 ln
1089 1066 1184 1126 llnguls
1211 1067 1289 1114 semi-

173 1163 232 1210 tlcis
251 1175 312 1210 sese
330 1161 479 1221 plerumque
498 1159 691 1206 versatissimos
709 1157 838 1212 exhibere,
860 1159 971 1204 constat.
999 1157 1118 1204 omnium
1136 1158 1193 1204 loco
1213 1170 1291 1204 uuum

174 1255 208 1300 cl.
227 1253 379 1300 sabulum
397 1251 564 1309 nominamus,
584 1249 627 1308 qul
646 1249 671 1294 lu
689 1247 841 1307 Appendlce
859 1247 1079 1304 llcrmeneutlcee,
1099 1247 1172 1296 llaec.
1187 1249 1206 1295 l.
1222 1252 1249 1294 et
1262 1248 1293 1298 ll.

174 1339 298 1406 (Viennae
320 1342 386 1388 1813
399 1367 432 1375 —
445 1339 490 1400 15)
518 1339 639 1400 quosdam
665 1339 737 1384 locos
766 1337 911 1384 ldessiancs
932 1337 960 1385 V.
981 1337 1011 1387 'lt
1037 1337 1159 1385 edhlbltts
1189 1339 1294 1399 quldem

176 1433 292 1493 pluribus
318 1429 459 1490 subsidiis,
489 1429 626 1489 praecipue
650 1441 714 1476 vero
733 1429 835 1476 erudite
853 1428 1020 1474 dialectorum
1039 1431 1205 1488 cognatarum
1224 1439 1294 1476 com·

176 1523 308 1582 paratione
325 1519 517 1580 comprobavit,
537 1522 614 1579 atque
633 1523 723 1564 contra
741 1517 948 1565 adversariorum
967 1518 1125 1578 objectlones
1145 1517 1295 1566 vindlccvlt.

177 1612 237 1658 lude
263 1611 339 1658 laclle
364 1609 534 1670 intelligitur,
561 1609 678 1664 nonnisi,
708 1609 750 1668 qui
768 1609 824 1666 ipse
843 1609 986 1667 linguarum
1005 1609 1112 1654 istarum
1130 1612 1172 1656 cst
1190 1621 1296 1668 pomus,

178 1702 270 1748 doctos
292 1700 369 1761 hujus
388 1700 491 1760 generis
510 1700 614 1746 labores
633 1711 712 1758 posse
731 1699 877 1758 intelligere
896 1701 922 1745 et
941 1696 1015 1744 firmo
1031 1698 1130 1758 judiclo
1149 1701 1297 1748 aestimare.

233 1791 370 1839 Caeterum
389 1792 432 1850 qut
450 1791 482 1837 de
501 1791 695 1849 emolumentis,
722 1802 787 1849 quae
807 1802 839 1835 ox
856 1789 941 1836 etudlo
959 1788 1105 1846 linguarum
1123 1789 1298 1836 semltlcsrum

179 1883 372 1944 percipiuntur,
399 1882 476 1940 plura
504 1882 574 1940 scire
603 1881 690 1939 cupit,
717 1880 785 1938 legat
810 1878 980 1939 opusculum:
1009 1877 1095 1926 Ueber
1123 1879 1173 1926 don
1198 1877 1298 1927 Nuteen

180 1973 227 2020 des
246 1971 376 2020 Studiums
395 1971 441 2017 der
465 1970 512 2016 mlt
536 1971 584 2017 cler
611 1969 686 2016 hebr.
715 1968 832 2028 Sprecbe
858 1970 1024 2016 verwsndtsn
1050 1969 1210 2016 lindenau.
1245 1969 1300 2016 llou

180 2061 321 2110 lticbeel
339 2061 491 2108 boobule.
511 2057 675 2106 hscbatlenb.
695 2058 773 2106 1834.

254 2275 283 2343 s.
301 2272 344 2332 tl.
360 2272 503 2331 bubones
517 2273 547 2330 ln
562 2270 741 2330 ddecwrum
756 2271 957 2343 comparabant
974 2271 1157 2344 appllcenslse.

199 2440 285 2518 Ques
299 2458 376 2502 vero
394 2437 555 2500 cautiones
571 2439 610 2501 ad
625 2441 747 2500 rectum
763 2437 970 2502 dialectos-um
986 2444 1189 2525 cognatarum
1212 2452 1301 2503 usum

109 2549 142 2612 in
158 2569 195 2612 rc
217 2552 327 2611 nostra
348 2545 496 2610 adhihere
520 2550 684 2628 oporteat,
709 2566 745 2609 cx
770 2546 928 2630 descripta
950 2567 1057 2610 carum
1079 2547 1184 2612 indole
1209 2554 1304 2635 atque

110 2653 355 2738 comparationis
371 2651 433 2716 line
450 2652 627 2740 intelligere
642 2653 728 2716 licet.

203 2765 235 2826 1.
260 2761 436 2825 Cavendum
453 2766 511 2841 cet,
528 2781 567 2824 ne
583 2761 727 2825 dialectis
755 2760 855 2845 major
875 2761 923 2824 vie
944 2762 1119 2844 tribuatur,
1145 2785 1236 2848 φιιιιι
1264 2763 1305 2826 iis

110 2889 224 2935 revera
240 2869 401 2951 competit,
419 2870 502 2952 quod
518 2866 620 2948 lieret,
637 2869 666 2930 si
681 2870 720 2931 ad
743 2869 890 2932 notiones
912 2869 1075 2933 hebraicas
1095 2873 1248 2934 eruendas
1267 2891 1305 2935 ac

110 2977 347 3043 constituendas
364 2977 458 3040 etiam
475 2976 708 3056 adhiberentur,
724 2975 778 3037 ubi
794 2976 934 3039 subsidia
950 2973 1131 3041 efficaciora
1145 2977 1305 3061 interpre-

109 3093 176 3151 tem
191 3106 255 3150 non
271 3084 455 3148 destituunt.
472 3086 673 3165 Quapropter
684 3083 814 3146 vocibus
829 3082 996 3163 hebraicis,
1013 3106 1143 3168 quarum
1156 3091 1244 3152 certa
1257 3091 1306 3150 est

110 3190 314 3281 significatio,
330 3213 369 3256 ne
385 3196 576 3274 quaerantur
592 3190 736 3255 notiones
753 3212 790 3255 ex
806 3191 949 3256 dialectis
967 3191 1009 3280 ¹).

205 3307 238 3368 2.
255 3300 316 3364 Ubi
332 3322 407 3364 vero
424 3300 552 3364 dialecti
567 3299 600 3362 in
616 3299 788 3362 subsidium
809 3302 967 3364 vocandae
990 3308 1079 3382 sunt,
1107 3324 1169 3366 non
1193 3303 1305 3384 solum,

112 3428 193 3495 quae
209 3410 298 3493 priva
313 3411 438 3490 habent,
455 3410 623 3496 diligenter
638 3415 853 3490 secernantur,
869 3432 908 3474 ue
931 3411 962 3473 in
979 3411 1156 3475 hebraicam
1167 3411 1305 3477 inieran-

110 3527 165 3584 tur
181 3520 285 3584 aliena
300 3513 351 3606 ²),
374 3521 430 3583 sed
447 3539 562 3604 neque,
587 3540 667 3603 quae
682 3539 793 3602 reapse
810 3541 878 3582 cum
894 3519 1049 3583 hebraicis
1065 3525 1138 3583 sunt
1154 3541 1302 3602 connexa,

113 3628 326 3707 conferantur,
343 3627 404 3690 niei
421 3627 539 3712 aliquid
553 3627 633 3690 lucis
644 3627 694 3691 vel
709 3625 897 3692 firmamenti
912 3628 1035 3692 adferre
1050 3629 1174 3712 possint
1189 3625 1234 3716 8).

204 3738 236 3802 3.
261 3735 382 3814 Quodsi
398 3735 570 3820 quaeritur,
587 3757 665 3820 quae
681 3736 806 3800 dialecti
823 3742 854 3800 et
871 3758 933 3820 quo
951 3737 1060 3802 ordine
1073 3742 1304 3821 comparentur,

113 3863 222 3908 omnes
239 3845 362 3928 quidem
380 3844 585 3907 conferendas
601 3865 671 3908 esse
688 3845 908 3924 existimamus,
925 3845 999 3928 quia
1013 3846 1095 3910 haud
1110 3867 1183 3909 raro
1199 3846 1302 3908 lucem

113 3953 332 4034 desideratam,
349 3973 440 4037 qnam
456 3952 488 4015 in
504 3973 564 4016 una
587 3954 723 4017 alterave
744 3954 864 4016 trustra
885 3953 1096 4036 quaesiveris,
1120 3953 1152 4016 in
1169 3954 1231 4017 alia
1252 3953 1302 4016 in-

112 4061 221 4126 uenies
244 4055 293 4152 ⁴),
311 4061 494 4124 aramaicam
505 4065 609 4124 tamen
621 4061 756 4126 caeteris
767 4061 1000 4144 praeferendam
1014 4081 1186 4125 censemus.
1206 4061 1302 4126 Clau-

113 4169 190 4231 dunt
206 4168 333 4232 arabica
348 4173 380 4232 et
396 4168 613 4249 neohebraica,
623 4174 735 4256 utpote
752 4169 947 4254 quaeamhae
959 4169 1148 4234 incertiores
1160 4189 1301 4256 magnam

114 4277 292 4341 cautionem
307 4276 479 4360 postulant.

204 4384 237 4448 h.
262 4386 297 4448 ln
313 4385 383 4469 ipso
402 4384 580 4448 collationis
591 4385 719 4471 negotio
732 4405 793 4448 nou
803 4385 835 4448 in
847 4384 977 4470 singulis
989 4384 1118 4464 vocibus
1130 4382 1303 4447 sistendum

99 4499 174 4584 est,
191 4494 247 4557 sed
265 4498 297 4556 ct
312 4492 568 4579 significationes,
585 4491 724 4577 integrae
739 4492 891 4574 phrases,
907 4491 1086 4556 locutiones
1107 4491 1249 4571 tropicae
1271 4495 1303 4552 et

115 4597 265 4686 imagines
296 4602 441 4684 potticac
473 4601 698 4683 comparandae
730 4605 820 4680 suut,
853 4619 982 4684 quarum
1013 4598 1185 4662 latissimus
1215 4600 1303 4678 patet

117 4728 242 4794 campus
263 4699 306 4799 ⁵).

151 4843 230 4888 tlsrm.
251 4843 349 4892 biblica.
368 4846 387 4891 1.
1076 4834 1094 4884 6
