3118 5282
262 444 341 522 380

261 622 431 704 historico,
455 623 483 685 si
498 622 543 685 ita
558 619 648 685 nohis
665 621 771 685 dicere
786 620 878 704 licet,
902 621 994 704 plane
1012 620 1166 700 exuendo,
1183 620 1362 684 recentiori
1378 627 1452 685 tem·

262 753 341 818 pore
355 731 579 811 introducere,
604 729 686 792 haud
704 728 796 814 pauci
813 729 919 792 conati
930 732 1018 812 sunt,
1043 732 1238 810 statuentes,
1262 729 1373 812 plures
1389 729 1451 792 iac-

261 845 369 905 torum
385 838 573 904 hihlicorum
591 837 762 901 relationes
779 859 841 901 non
859 856 946 917 esee,
970 837 1032 900 nisi
1048 836 1098 900 vel
1114 836 1279 901 involucra
1293 837 1453 902 doctrina·

261 969 331 1012 rum
354 946 664 1032 philosophicarum,
688 945 889 1030 physicarum
912 950 943 1008 et
965 945 1147 1028 moralium,
1170 945 1229 1030 (eo
1256 945 1327 1008 fere
1350 947 1452 1025 modo,

261 1079 323 1142 quo
345 1055 455 1122 Swtca‘
477 1061 509 1119 et
535 1059 648 1140 postea
676 1053 731 1119 alii
762 1053 942 1138 philosophi
968 1054 1101 1138 antiqui,
1124 1075 1142 1118 e
1168 1055 1274 1119 etudio
1306 1053 1452 1118 nimirum

261 1163 428 1228 excusandi
453 1163 664 1227 ahrurditates
697 1161 946 1248 mythologicae,
982 1161 1092 1242 alium,
1124 1181 1215 1244 quam
1243 1182 1338 1244 quem
1361 1163 1453 1226 litera

260 1291 336 1356 prae
353 1271 488 1354 ecfert,
513 1291 638 1335 seucum
655 1269 877 1356 mythologiciu
901 1270 1135 1334 narrationibus
1152 1270 1284 1334 subesse
1302 1270 1451 1336 alucinati

261 1379 363 1468 sunt),
386 1379 436 1444 vel
451 1383 644 1444 monstrosae
660 1379 781 1442 fabulas
791 1428 801 1462 ,
823 1377 855 1441 in
874 1399 951 1464 quae
968 1377 1124 1461 simplicia
1140 1377 1224 1442 iacta
1239 1400 1300 1463 per
1317 1401 1378 1443 ora
1394 1380 1450 1443 ho·

261 1488 376 1552 minum
390 1489 508 1553 tradita
523 1508 673 1554 succentu
688 1487 841 1571 temporis
857 1487 1002 1552 abierint.
1025 1485 1201 1574 Utrumque
1217 1488 1347 1554 dicendi
1357 1507 1453 1576 genus

265 1595 375 1662 dicunt
389 1601 573 1680 mythicum.

350 1707 456 1788 Myrlea·
469 1703 575 1790 itaque
592 1725 655 1767 non
670 1707 754 1784 eunt,
779 1703 842 1766 niei
856 1706 1085 1787 corrutiaaee,
1110 1722 1196 1786 puae
1208 1715 1268 1770 cut
1282 1707 1453 1788 inperium

259 1815 441 1897 scriptorio
465 1832 530 1896 qua
556 1815 708 1878 certtuttc
723 1815 895 1878 involucra
911 1815 1062 1897 effinxit,
1086 1823 1147 1878 cut
1165 1815 1302 1878 cadmo
1324 1818 1363 1877 in
1377 1835 1454 1897 per-

260 1931 352 1986 tentu
366 1926 534 1988 convertit.
549 1921 690 2004 Priores,
703 1921 757 2008 qui
773 1924 866 1986 etiam
881 1925 1164 2006 philosophantem
1179 1923 1321 2005 andiunt,
1339 1925 1373 1987 in
1388 1947 1453 2008 mp-

260 2035 334 2096 thoe
348 2033 595 2116 philosophicos
608 2036 641 2096 et
651 2035 828 2097 iietmicon
841 2031 992 2110 dividunt,
1005 2036 1101 2114 prout
1113 2052 1223 2115 nempe
1235 2033 1275 2095 ad
1287 2032 1393 2096 ideam
1404 2054 1454 2096 re-

259 2138 1454 2226 praesentandamautadl'actumueletatumexplicandumlucrintehictae1).

352 2248 443 2312 Licet
454 2245 520 2330 jam
537 2247 691 2332 ejusmodi
706 2248 830 2333 mythos
847 2247 948 2312 sacris
965 2247 1068 2310 literis
1084 2249 1274 2331 attribuere,
1300 2250 1383 2313 adeo
1400 2251 1453 2312 ah-

263 2357 392 2420 eurdum
420 2357 479 2436 eit,
503 2363 538 2420 ut
562 2357 701 2442 mythice
724 2377 778 2422 eae
801 2356 1032 2441 interpretandi
1053 2358 1137 2422 ratio
1160 2357 1238 2422 nulli
1254 2377 1333 2422 sano
1349 2381 1454 2424 rerum
1547 2425 1548 2430 γ

261 2465 459 2530 aestimatori
488 2466 629 2530 arridere
656 2465 775 2551 poerit,
800 2465 873 2552 quie
899 2470 1004 2529 tamen
1030 2467 1114 2531 inter
1140 2469 1347 2533 Anatholicoe
1374 2468 1454 2532 haud

262 2573 390 2638 obscuri
402 2572 535 2638 neminie
548 2578 697 2657 patronos
710 2574 814 2655 hahet,
832 2580 864 2638 et
880 2575 1059 2657 nuperrime
1073 2596 1110 2639 eo
1122 2575 1291 2658 processit,
1307 2581 1346 2640 ut
1356 2581 1455 2640 totam

263 2683 427 2747 historiam
436 2682 645 2769 evangelicam
656 2684 688 2747 in
698 2683 834 2746 sahulem
845 2702 1061 2748 romanensem
1069 2687 1255 2748 convertere
1264 2683 1455 2771 tentaret2),

264 2790 531 2857 minimeanortro
544 2813 673 2857 munere
686 2791 818 2856 alienum
833 2811 903 2855 esee
913 2791 1089 2875 videtur,in
1102 2792 1256 2857 maturius
1266 2791 1316 2855 rei
1329 2813 1455 2856 examen
1548 2841 1549 2850 ,

266 2901 475 2982 descendere,
500 2921 562 2985 quo
578 2899 703 2965 facilius
725 2899 941 2988 intelligatur,
965 2900 1124 2985 mythicae
1143 2900 1405 2984 interpretationi
1426 2901 1455 2962 in

264 3007 364 3072 sacris
385 3007 489 3072 literis
511 3010 700 3092 exponendis
726 3009 830 3072 locum
855 3009 923 3072 dari
950 3007 1076 3074 minime
1098 3007 1212 3092 licere,
1235 3008 1305 3074 eive
1338 3009 1454 3092 duplex

262 3121 537 3181 commemoratum
566 3117 704 3203 mythice
734 3117 861 3182 dicendi
887 3138 985 3204 genus
1019 3117 1194 3203 generatim
1222 3119 1454 3196 consideretur,

261 3225 328 3290 eive
344 3227 382 3290 nd
398 3225 581 3310 praecipuae
597 3228 775 3311 mythorum
790 3225 912 3309 species
929 3225 1109 3312 singulatim
1130 3227 1334 3312 respiciatur.

290 3387 314 3450 ¹)
335 3391 441 3454 dipticae
457 3389 658 3454 philosophicus
675 3394 763 3450 erret,
783 3390 808 3436 ei
825 3390 998 3451 Phatton,
1016 3403 1118 3438 currum
1133 3391 1244 3439 colerem
1262 3393 1331 3439 male
1351 3405 1455 3452 regent,

336 3483 440 3529 nonniei
466 3486 557 3529 cautae
585 3482 740 3542 prudentiae
761 3482 892 3540 specimen
913 3479 1039 3540 praehere
1056 3481 1132 3528 nuhle
1155 3482 1305 3542 diceretur,
1325 3496 1358 3532 ne
1380 3485 1456 3530 ninia

334 3575 489 3634 audeamue3
514 3576 560 3620 aut
577 3573 599 3619 ei
617 3572 658 3618 cul
677 3584 725 3632 per
746 3572 920 3618 narrationem
938 3571 1025 3618 diluvii
1045 3574 1070 3618 et
1095 3573 1242 3619 everriculo
1259 3573 1339 3620 vallic
1358 3573 1456 3621 siddim

334 3665 493 3711 columnaodo
521 3662 643 3710 doctrina
676 3663 708 3710 de
734 3661 839 3722 Juatltta
859 3662 908 3709 liei
937 3662 1054 3722 punltiva
1082 3665 1280 3724 repraerentata
1308 3665 1456 3724 rideretur,

335 3754 395 3812 quin
411 3759 519 3800 eventus
539 3753 592 3814 lpei
608 3765 717 3814 unquam
734 3753 909 3812 contigerintp
928 3757 972 3799 aut
988 3753 1012 3799 ui
1032 3754 1150 3800 narratio
1165 3753 1259 3814 Jejnnii
1282 3757 1311 3800 et
1327 3757 1456 3803 tenuite-

334 3843 376 3888 nie
394 3842 459 3888 Jeeu
480 3844 584 3889 inventa
600 3847 744 3904 poneretur
770 3843 802 3890 ab
819 3843 866 3898 iia,
885 3845 928 3903 qul
950 3844 1150 3904 exietimahunt,
1178 3845 1311 3891 notionem
1339 3845 1454 3893 hleeniae

335 3933 367 3980 ed
385 3935 526 3993 exemplum
537 3935 618 3982 nicei·
637 3938 664 3980 et
676 3936 751 3982 Elian
765 3937 819 3982 tale
834 3936 903 3982 vitae
922 3935 1042 3995 publicae
1059 3935 1159 3982 initium
1171 3937 1318 3996 pertulere.
1350 3938 1455 4000 Mystes

333 4023 480 4072 historicen
498 4037 561 4072 roro
580 4028 670 4084 earet,
689 4027 713 4072 ri
733 4026 848 4072 narratio
868 4026 901 4072 dc
921 4026 1023 4084 Tereo,
1044 4027 1152 4086 eJ'ueque
1173 4038 1255 4074 uxore
1273 4025 1402 4090 Procne,
1431 4031 1455 4074 in

333 4114 497 4163 hirundinem
513 4127 641 4162 converet
664 4116 763 4178 (Ovidii
780 4117 950 4178 metamorph.
970 4116 1017 4163 lih.
1030 4115 1088 4176 Vl.)
1111 4116 1256 4176 explicaret
1274 4121 1388 4180 tantum,
1409 4132 1454 4166 cur

334 4208 486 4256 hirundineo
503 4207 529 4253 in
549 4207 678 4254 hominum
696 4207 814 4256 domihue
833 4209 908 4256 nidor
926 4211 1081 4255 construere
1097 4208 1215 4268 soleant,
1235 4212 1281 4255 aut
1296 4211 1321 4255 ei
1331 4211 1454 4257 reductio

335 4299 477 4358 primorum
496 4300 632 4356 parentum
655 4310 704 4357 per
722 4301 872 4358 carpentem
889 4298 1068 4345 antummodo
1089 4298 1121 4344 ad
1144 4297 1322 4357 explicandam
1345 4304 1456 4346 naturae

333 4389 458 4436 humanae
476 4390 648 4447 corruptelam
665 4391 810 4450 excogitata
829 4389 971 4436 diceretur.
1009 4389 1095 4436 Porro
1121 4387 1201 4448 huju·
1224 4391 1334 4447 generis
1354 4391 1456 4449 mythua

334 4483 422 4538 ercet,
443 4493 494 4538 quo
521 4480 625 4526 nudata
645 4479 762 4526 narratio
778 4481 872 4540 jeJ'unli
889 4483 915 4527 et
937 4481 1090 4528 tentationis
1118 4481 1184 4527 Jeeu
1202 4480 1309 4527 inventa
1328 4485 1406 4528 earet
1425 4481 1456 4527 ah

339 4570 388 4629 iic,
407 4571 450 4629 qui
467 4571 646 4631 inquirerent,
665 4571 709 4631 qui
726 4573 821 4620 iactum
845 4571 896 4632 eit,
920 4574 949 4618 ut
970 4571 1050 4618 Jecur
1075 4581 1124 4630 per
1153 4571 1331 4629 quadraginta
1354 4572 1414 4619 dier
1433 4572 1457 4617 in
1545 4583 1546 4590 ¹

343 4659 449 4708 omerio
467 4665 690 4722 commoraretur,
711 4665 847 4723 antequam
863 4663 980 4711 doctoris
997 4665 1088 4722 parter
1105 4660 1267 4722 conciperet.
