3120 5294
1279 467 1327 540 el

141 649 231 708 tores
256 647 427 708 occurrunt
443 641 492 730 ²);
510 643 565 706 scd
578 663 656 726 pure
664 661 780 728 graeca
790 641 914 707 minime
930 645 1037 724 potest
1053 641 1240 724 praedicari,
1257 642 1331 724 quia

140 749 343 814 inveniuntur
365 749 397 812 in
407 749 462 814 illa
472 768 567 816 voces
579 756 612 816 et
623 750 794 831 dictiones,
821 768 899 834 quas
914 748 946 810 iu
961 748 1172 834 scriptoribus
1189 748 1331 812 classicis

138 857 262 922 frustra
290 856 492 940 quaesiveris.
516 859 686 924 Praeterea
707 856 980 940 deprehenduntur
1009 875 1106 920 voces
1123 861 1155 920 et
1176 855 1331 920 dictiones

138 964 265 1046 quidem
282 965 438 1046 antiquae,
467 971 499 1030 at
512 985 582 1030 cum
592 963 883 1050 significationibus,
900 983 980 1050 quae
995 964 1120 1050 graecis
1146 961 1329 1027 auctoribus

138 1093 255 1137 aureae
271 1071 383 1138 aetatis
401 1072 571 1138 familiares
587 1095 649 1139 nou
666 1079 766 1138 erant.

231 1180 439 1244 Transierunt
453 1201 529 1246 vero
541 1181 573 1244 in
585 1202 663 1260 eam,
676 1201 736 1263 qua
747 1180 921 1263 scriptores
933 1180 1017 1244 sacri
1027 1180 1078 1244 usi
1095 1184 1179 1259 sunt,
1192 1179 1330 1266 linguam

136 1307 284 1373 graecam
301 1288 395 1352 etiam
409 1289 491 1354 haud
507 1308 607 1370 pauca
622 1309 660 1354 ex
677 1287 794 1375 linguis
810 1287 986 1373 peregrinis
1003 1288 1168 1370 decerpta,
1185 1305 1330 1370 praeser-

137 1395 197 1460 tim
212 1395 361 1460 hehraica
377 1403 409 1460 et
425 1397 587 1476 aramaica,
604 1397 773 1476 rahhinica,
789 1396 850 1460 alia
862 1396 1037 1475 orientalia,
1051 1396 1112 1460 imo
1123 1396 1217 1460 etiam
1234 1414 1330 1479 quae-

136 1503 209 1568 tlam
224 1502 332 1586 latina,
349 1505 388 1568 de
404 1504 516 1588 quihus
533 1505 674 1570 omnihus
685 1504 750 1588 jam
766 1503 949 1592 singillatim
965 1503 1128 1568 dicendum
1145 1509 1194 1568 est
1209 1497 1253 1589 ⁸).

164 1627 191 1693 ¹)
211 1633 268 1680 Non
287 1633 371 1680 solum
389 1634 499 1694 plurlms
518 1635 585 1684 bens
603 1647 706 1694 gruem,
736 1635 784 1684 ssd
810 1636 910 1682 omniuo
933 1634 1060 1695 ejusmodi
1089 1633 1116 1680 lu
1143 1633 1233 1680 coelice
1252 1643 1331 1680 sacro

208 1727 319 1783 praesto
337 1727 399 1771 suut
417 1726 559 1784 vocabula,
579 1738 644 1788 quae
663 1727 704 1774 rel
721 1726 801 1774 alicui
819 1725 1000 1786 exprimendae
1022 1724 1191 1784 peculiariter
1211 1737 1227 1772 a
1246 1722 1329 1772 urse·

209 1814 248 1862 cis
278 1815 422 1871 destinata,
442 1829 490 1865 seu
513 1816 634 1864 tectonica
653 1819 723 1862 suut.
744 1815 789 1862 Sic
808 1828 832 1862 e.
850 1827 875 1874 g.
896 1815 1004 1861 rerhum
1021 1807 1193 1877 lfiopuiehea,
1214 1813 1288 1860 loen.
1309 1814 1330 1870 l,

211 1905 254 1950 18.
275 1905 370 1964 optime
388 1917 484 1964 graeca
500 1907 614 1966 positum
634 1918 694 1954 esse
712 1903 915 1964 significatione,
931 1904 986 1964 jam
1003 1903 1262 1961 chrysostomus
1282 1903 1330 1950 oh-

209 1994 334 2041 servavlt.
362 1997 416 2043 Nee
437 1995 563 2042 immerito
582 1995 701 2056 quidem,
722 1988 849 2060 ἐξήγησις
870 1995 937 2042 euim
955 1994 1075 2048 Graecis,
1096 1997 1166 2042 teste
1186 1993 1274 2040 Schol.
1297 1991 1329 2039 ss

210 2083 332 2144 Sophocl.
353 2086 395 2133 hil.
415 2087 476 2132 leti.
496 2087 545 2134 luit
564 2079 727 2152 διασάφησις
744 2082 827 2134 heims
847 2097 885 2133 sc.
905 2081 1083 2153 πραγμάτων,
1108 2097 1203 2132 reram
1223 2083 1329 2132 diceto·

208 2189 271 2224 rum
288 2176 437 2238 copositio,
457 2179 485 2222 et
509 2177 573 2224 lul.
595 2177 711 2224 Pollux
732 2176 771 2237 (8.
792 2174 867 2240 iat.)
887 2177 994 2232 narrat,
1024 2169 1155 2239 ἰξηγητάς
1181 2173 1326 2234 appellatos

207 2267 291 2314 misse
307 2279 363 2322 eoa,
376 2266 430 2326 qul,
449 2278 514 2326 quae
534 2267 568 2313 aul
587 2265 709 2327 prodigis
725 2266 841 2326 altasque
860 2278 904 2314 res
924 2279 1014 2314 sacras
1033 2266 1214 2326 pertinerent.
1234 2264 1329 2312 docere

208 2355 280 2403 solltl
294 2357 415 2416 inerunt3
434 2357 618 2417 Xenophon
637 2369 699 2404 vero
720 2357 882 2420 (Cyropsari.
901 2357 932 2414 8,
953 2357 979 2404 3.
1002 2353 1059 2420 tl.)
1079 2367 1166 2411 sacre,
1186 2354 1239 2414 alt,
1258 2355 1328 2402 iaetu

208 2459 278 2501 esse,
297 2450 327 2493 ut
343 2439 369 2494 ol
387 2442 466 2511 palpat
485 2439 636 2511 ἐξηγοῦντο.

158 2529 187 2594 ¹)
207 2535 246 2583 lte
271 2536 384 2584 classica
410 2537 442 2584 N.
460 2536 491 2586 Τ.
509 2537 624 2598 puritate
644 2550 693 2598 per
711 2537 760 2584 duo
778 2539 835 2585 iere
855 2537 959 2584 saecule
978 2537 1077 2583 acriter
1095 2535 1237 2597 praecipue
1258 2536 1329 2582 iuter

204 2625 388 2675 Protestantes
404 2627 563 2686 disputatum
580 2628 627 2674 tuit
646 2639 662 2672 a
679 2627 718 2674 sic
737 2627 815 2674 (lictis
834 2627 949 2674 Puristls
971 2629 999 2673 et
1014 2626 1162 2674 llehraistis
1179 2626 1235 2672 sire
1249 2626 1327 2674 liele·

206 2713 296 2762 nistls.
317 2715 410 2762 Verum
428 2715 576 2777 huJusmorli
595 2717 700 2776 linguae
719 2728 829 2774 graecae
853 2717 956 2778 puritas
985 2717 1054 2776 apud
1079 2715 1273 2776 hagiographos
1302 2715 1329 2761 in
1433 2724 1435 2732 ’

205 2805 425 2867 circumstantiis,
446 2805 579 2866 inquibus
594 2809 683 2862 erant,
703 2806 761 2853 sine
777 2807 903 2854 miraculo
922 2809 1023 2865 concipi
1039 2806 1140 2866 nequit.
1160 2805 1222 2852 'lale
1240 2808 1328 2852 eutem

214 2893 364 2942 miraculum
384 2907 399 2940 a
418 2896 582 2956 providentia
602 2897 689 2944 divina
714 2901 869 2957 exspectare
894 2909 945 2943 non
970 2897 1042 2953 licet,
1063 2897 1154 2956 utpote
1179 2895 1248 2955 quod
1275 2908 1326 2941 nen

206 2985 282 3032 morlo
301 2984 399 3046 shsqm
420 2983 470 3032 hue
494 2987 597 3044 ruisset,
617 2988 664 3034 seul
682 2987 758 3046 plane
777 2989 870 3034 eontra
890 2987 1040 3046 primarium
1060 2985 1219 3045 scriptorum
1236 2996 1327 3031 sacro-

210 3087 267 3122 rum
293 3087 400 3135 scopum
428 3080 587 3136 pugnasset,
607 3077 652 3137 qul
674 3077 735 3131 ruit,
754 3080 783 3123 ut
801 3077 977 3125 electoribus
1002 3078 1073 3138 suis,
1094 3076 1209 3124 idiomati
1232 3087 1327 3134 gracco

203 3167 344 3213 recentiori
356 3178 386 3214 ac
398 3165 534 3226 importari
546 3168 669 3222 acuetis,
684 3165 766 3226 proha
780 3167 992 3226 intelligerentur.
1006 3167 1082 3214 ttoni.
1094 3157 1161 3214 inira
1174 3166 1215 3226 ss.
1227 3165 1269 3213 ot.
1281 3166 1328 3212 55.

260 3255 339 3302 l’lura
356 3255 405 3302 hac
424 3255 457 3302 de
475 3268 505 3303 re
525 3253 638 3302 habenta
658 3255 688 3302 l).
705 3257 801 3303 llenr.
817 3257 892 3314 Aug.
911 3255 1049 3316 Schott,
1068 3257 1178 3315 isagoge
1198 3255 1224 3301 ln
1245 3255 1326 3303 libros

204 3345 235 3392 N.
249 3343 278 3392 Τ.
294 3346 372 3393 1830.
390 3359 416 3405 p.
432 3345 483 3392 lei
502 3359 558 3406 seq.
577 3348 640 3392 uota
660 3347 683 3392 1.
699 3347 725 3392 2.
744 3347 853 3403 Danu,
873 3345 1076 3406 llncyclopscslie
1096 3346 1199 3407 p.18⁰.
1220 3349 1282 3392 nota
1301 3347 1325 3393 5.

204 3435 322 3482 honeri.
340 3435 464 3496 wimer,
485 3437 604 3484 Neutest.
623 3434 809 3495 Sprachidiom.
828 3435 867 3483 lv.
887 3435 952 3483 suu.
972 3435 1001 3483 Τ.
1022 3437 1041 3482 l.
1061 3449 1086 3496 p.
1109 3437 1140 3485 1³
1161 3447 1217 3496 seq.

501 3558 528 3626 s.
545 3555 586 3614 tt.
602 3555 743 3614 lecentlor
758 3555 853 3628 hume
868 3569 976 3628 graeca

223 3666 360 3730 Primum
375 3666 473 3751 igitur
489 3668 700 3732 observandae
710 3669 838 3732 veniunt
848 3669 1045 3736 recentiores
1057 3670 1182 3756 linguae
1193 3691 1326 3757 graecae

132 3773 382 3858 peculiaritates,
400 3793 477 3858 quas
492 3775 524 3836 in
540 3773 640 3838 libros
657 3797 781 3860 quoque
797 3795 907 3841 sacros
924 3779 1084 3864 ingressas
1102 3798 1183 3859 csse,
1214 3779 1326 3842 mirum

131 3905 195 3946 nou
211 3889 271 3946 est.
286 3881 444 3966 Tempore
462 3883 558 3963 enim,
582 3906 643 3968 quo
664 3906 779 3972 graeca
794 3906 820 3949 s.
838 3885 1023 3970 scripturae
1038 3888 1195 3952 volumina
1217 3907 1326 3952 exara-

130 3990 257 4068 bantur,
274 3994 360 4053 aetas
377 4009 471 4053 aurea
483 3991 607 4076 linguae
618 4013 751 4077 graecae
764 3995 879 4058 dudum
893 3996 999 4077 elapsa
1011 4003 1089 4075 erat,
1104 4000 1135 4058 et
1148 3995 1210 4078 ipsi
1222 3995 1325 4079 scrip-

130 4103 221 4161 tores
246 4099 439 4162 Graecorum
461 4099 586 4181 profani
608 4101 823 4185 philosophia,
848 4123 939 4187 quam
961 4103 1183 4185 speculativam
1206 4105 1325 4184 dicunt,

52 4193 57 4202 ’
135 4205 287 4269 delectati
303 4204 489 4290 elegantiam
505 4206 645 4292 linguae,
663 4211 713 4271 cui
730 4211 933 4294 caeteroquin
954 4211 1037 4274 hella
1060 4213 1209 4276 continua
1236 4215 1325 4277 crant

130 4312 250 4398 iniqua,
267 4313 368 4376 minus
385 4321 552 4395 curarunt3
568 4322 603 4380 ut
618 4321 738 4380 taceam
765 4320 804 4381 de
827 4320 1034 4400 necessitate,
1058 4340 1154 4385 noras
1177 4320 1324 4384 notiones

133 4442 171 4486 cx
186 4422 265 4486 Asia
280 4421 433 4506 imprimis
450 4423 560 4488 allatas
577 4431 630 4488 aut
646 4425 734 4489 noris
750 4427 894 4492 terminis
907 4433 961 4493 aut
973 4428 1044 4492 aliis
1056 4429 1196 4512 priorum
1212 4448 1325 4492 vocum

131 4527 416 4617 significationibus
431 4533 624 4620 designandi.
641 4535 813 4618 Praecipue
836 4537 893 4600 suh
906 4538 1109 4603 ltlaccdonum
1125 4535 1256 4619 imperio
1274 4536 1323 4599 ‹li-
1377 4603 1379 4608 ,

131 4659 244 4704 versae
261 4640 454 4704 Graecorum
471 4640 597 4706 dialecti
614 4641 645 4704 in
661 4663 751 4706 unam
767 4643 904 4729 linguam
919 4645 1078 4730 vulgarem
1096 4643 1288 4724 coaluerunt,
1305 4665 1323 4708 a
