3120 5294
1203 470 1277 542 loe

355 645 382 710 s.
401 639 444 700 11.
461 640 532 702 tuac
547 642 576 698 ta
591 651 686 700 00000
701 650 752 700 aaa
769 640 935 698 omervarta
952 639 1015 698 stat.

188 787 366 866 Cautioncs,
390 808 467 879 quas
489 807 547 871 pro
571 787 765 870 antiquarum
781 787 957 850 versionum
974 806 1032 848 usu
1049 787 1080 848 in
1096 788 1200 852 studio
1218 787 1278 851 liu·

100 917 175 982 guae
191 897 352 962 hebraicae
367 897 540 982 generatim
556 894 815 979 praescripsimus
834 893 884 980 (S.
901 892 974 978 37),
999 895 1091 958 etiam
1119 896 1151 960 ia
1181 895 1280 960 colla-

100 1005 181 1067 tione
201 1003 377 1067 versionum
392 1024 573 1088 graecarum
589 1003 627 1064 V.
643 1005 680 1065 T.
697 1003 735 1064 ad
757 1002 993 1067 Orientalismoe
1009 1003 1133 1086 linguae
1149 1023 1281 1088 graecae

99 1112 226 1175 biblicae
248 1111 445 1195 explicandos
469 1111 656 1175 adhibendas
673 1131 754 1193 csse,
770 1111 802 1172 in
818 1115 942 1193 promtu
965 1116 1023 1172 est.
1055 1109 1204 1174 Addimus
1229 1133 1282 1176 se·

101 1220 222 1301 quentia
243 1220 377 1282 monita:

186 1331 217 1392 1.
242 1328 410 1394 Scrutatur
438 1327 562 1414 linguae
582 1347 714 1414 graecae
742 1325 982 1406 hebraissautis,
1015 1333 1180 1412 postquam
1212 1351 1281 1394 eum

99 1437 251 1504 hebraicis
267 1437 402 1518 aliquam
417 1436 659 1504 familiaritatem
674 1435 845 1514 contraxit,
869 1455 947 1517 qaae
971 1435 1048 1520 legit
1063 1437 1095 1504 in
1115 1437 1284 1522 hebraicis,

99 1544 213 1630 relegat
236 1545 269 1608 in
290 1544 486 1608 versionibus
502 1543 636 1630 graecia.
669 1544 714 1606 llx
729 1548 881 1626 perpetua
902 1545 962 1608 bac
984 1546 1218 1630 comparatione
1232 1546 1282 1610 la·

99 1653 245 1717 0111101οω
258 1657 467 1736 consequetur
483 1652 700 1738 cognoscendi,
726 1653 838 1734 quibus
858 1652 981 1737 graccis
994 1655 1121 1734 quaevis
1137 1655 1284 1720 hebraica

100 1762 224 1843 exprimi
243 1758 373 1840 soleant,
387 1766 491 1843 atque,
508 1761 535 1823 si
552 1780 630 1843 quae
646 1780 753 1822 eornm
768 1760 801 1822 ln
816 1757 896 1822 libro
910 1761 1089 1843 exponendo
1103 1767 1283 1846 occurrunt,

100 1889 165 1932 mox
181 1875 342 1955 agnoscet.

182 1982 212 2046 2.
241 1979 361 2058 Quodsi
382 1977 575 2059 Hebraismi,
598 1979 629 2042 in
645 1977 865 2062 hagiographis
886 1979 1010 2062 graecis
1025 1978 1063 2043 ad
1085 1979 1208 2044 literam
1228 1999 1283 2042 ex·

97 2086 214 2168 pressi,
243 2091 348 2150 extant
362 2087 440 2149 bene
463 2106 576 2171 graece
597 2087 712 2150 redditi
733 2086 765 2149 iu
780 2085 996 2168 versionibus,
1019 2087 1068 2150 bia
1084 2087 1203 2152 tribuat
1217 2088 1279 2150 vim

98 2196 307 2259 commentarii
329 2199 361 2258 et
382 2195 669 2280 interpretationis,
693 2195 914 2259 translatorum
943 2196 1122 2260 testimonio
1143 2197 1284 2277 innixae,

98 2303 260 2367 dummodo
276 2303 423 2366 iudicium
440 2325 501 2366 non
523 2303 652 2385 babeat,
677 2303 760 2385 quod
777 2302 876 2367 minus
898 2309 985 2367 recte
1000 2305 1117 2368 versati
1132 2305 1195 2369 sint
1205 2303 1246 2392 ¹).

183 2416 215 2479 3.
242 2411 388 2474 Attamen
410 2411 483 2495 quia
497 2414 574 2475 bene
589 2433 704 2497 graeca
725 2412 880 2478 hebraicis
901 2414 1073 2481 substituta
1092 2415 1130 2478 ab
1146 2412 1283 2500 antiquis

101 2521 353 2600 translatoribus,
370 2520 434 2584 sive
449 2520 486 2584 ab
499 2520 732 2606 hagiographis,
748 2520 1036 2590 deuterocanonicis
1048 2523 1190 2590 nimirum
1198 2524 1236 2587 V.
1245 2525 1285 2588 Τ.

99 2629 145 2692 vel
171 2629 381 2712 scriptoribus
405 2628 446 2691 N.
469 2630 507 2691 Τ.
532 2629 610 2712 ipsis
631 2629 780 2712 adoptata
801 2629 881 2708 sint,
905 2631 972 2694 sive
995 2630 1033 2692 ad
1054 2633 1166 2694 borum
1180 2631 1284 2716 scrip-

97 2739 195 2799 torum
223 2735 455 2799 hebraissantia
485 2735 664 2819 explicanda
690 2737 914 2818 adhibeantur,
950 2739 1031 2802 baud
1058 2759 1130 2801 raro
1159 2759 1283 2802 sensum

98 2847 191 2929 magis
217 2865 311 2928 quam
333 2841 457 2908 literam
481 2845 669 2929 exprimunt,
693 2845 841 2927 illumque
857 2864 948 2930 vage,
973 2847 1022 2909 vel
1043 2847 1139 2910 latius
1154 2847 1204 2910 vel
1228 2868 1284 2910 an-

97 2955 218 3036 gustius
243 2953 392 3030 reddunt,
417 2973 540 3040 semper
562 2953 754 3035 comparatio
778 2953 995 3021 hebraicorum
1020 2955 1184 3032 instuenda
1211 2956 1284 3038 erit,

100 3082 135 3124 ne
151 3061 237 3126 forte
253 3061 370 3142 aliquid
388 3061 426 3124 de
442 3062 473 3123 vi
490 3060 665 3124 llebraismi
681 3063 843 3124 amittatur
858 3057 902 3148 2).

185 3174 216 3234 t.
246 3169 337 3232 Licet
360 3190 433 3232 vero
455 3169 564 3232 sedulo
587 3169 792 3234 consulendae
815 3170 878 3232 siut
894 3171 1053 3233 versiones
1067 3191 1210 3254 graecae,
1230 3191 1284 3236 ca·

98 3278 225 3340 rendum
245 3282 347 3339 tamen
364 3282 422 3355 est,
439 3298 476 3341 nc
493 3275 690 3340 affectatione
704 3277 833 3358 quadam
848 3282 902 3339 aut
920 3278 1023 3340 studio
1039 3298 1134 3340 novas
1147 3299 1183 3340 ac
1198 3299 1288 3342 raras

99 3383 373 3469 interpretationes
390 3386 520 3449 venandi
536 3387 622 3449 ducti
644 3409 680 3449 cx
703 3387 766 3450 illis
783 3387 814 3448 in
833 3387 930 3450 libros
947 3408 972 3450 s.
991 3386 1175 3469 scripturae
1190 3407 1289 3472 grae·

99 3513 151 3554 cos
169 3493 372 3556 llebraismos
388 3493 576 3572 inieramus,
603 3495 655 3557 ubi
682 3495 750 3578 ipsa
774 3516 831 3577 per
847 3515 881 3558 se
897 3495 1001 3580 lingua
1016 3515 1130 3580 graeca
1147 3516 1288 3559 commo·

99 3600 259 3663 dissimum
281 3620 404 3663 sensum
427 3621 495 3662 cum
518 3601 669 3664 facilitate
695 3603 795 3665 fundit
811 3599 855 3689 Β1.

127 3759 150 3832 ¹)
171 3767 229 3828 Sic,
252 3767 310 3812 dum
329 3767 390 3813 illud
407 3769 515 3824 vulgare
535 3761 690 3848 1111011191,
710 3769 778 3830 quod
795 3769 829 3814 ad
847 3768 947 3817 literam
967 3769 1146 3818 hebraicorum
1165 3770 1305 3828 exprimi-a.

169 3861 229 3903 tur:
252 3853 393 3924 πρόσωπον
411 3849 555 3922 λαμβάνειν
573 3859 646 3918 (buc.
665 3859 721 3914 XX,
742 3859 785 3905 2t.
807 3857 863 3905 Gal.
884 3859 916 3918 ll,
938 3860 964 3904 6.
985 3857 1046 3919 01),
1064 3858 1096 3906 ab
1113 3860 1289 3907 Alexandrinis

169 3945 237 3992 bene
257 3959 350 4004 graece
366 3947 495 3994 redditur:
516 3943 656 4015 πρόσωπον
670 3943 818 4012 &adpetere
830 3961 1011 4010 personarum
1024 3952 1176 4011 respectam
1190 3949 1291 3997 babere

171 4037 268 4098 (bavit.
288 4037 360 4093 xix,
382 4039 423 4084 15.
443 4040 520 4086 Deut.
540 4041 579 4098 X,
602 4043 644 4086 17.
664 4039 722 4088 lob.
742 4041 818 4096 xlii,
841 4043 882 4086 to.
903 4041 1014 4096 XXXW,
1038 4043 1079 4087 111.
1098 4041 1164 4098 ab),
1183 4041 1292 4089 babetur

172 4129 355 4188 interpretatio
373 4129 499 4178 bistoriee
517 4135 607 4190 certa,
627 4143 702 4192 quan
721 4132 797 4178 ellam
815 4131 897 4179 ludas
916 4145 942 4176 v.
969 4134 1011 4178 16.
1031 4133 1156 4192 sequitur.

128 4208 153 4280 z)
174 4217 277 4266 Verbaa
298 4194 456 4292 n’ilsspttp'ntt
471 4196 571 4293 11111111,
594 4221 689 4268 (leues.
710 4222 738 4276 V,
759 4222 802 4270 tt.
824 4223 855 4267 de
874 4221 988 4282 11000110,
1002 4223 1125 4280 proprie:
1146 4223 1292 4273 ambulavit

172 4321 232 4356 cam
250 4309 314 4366 Deo,
335 4309 428 4356 ibidem
448 4323 464 4356 a
482 4311 545 4356 bix
563 4314 589 4358 01
607 4309 686 4358 liebr.
705 4311 754 4370 Xl,
774 4311 799 4358 5.
820 4312 980 4360 redduntur:
1001 4305 1158 4378 εὐηρέστησε
1175 4309 1213 4376 τῷ
1231 4307 1290 4376 Gap

171 4395 275 4456 placuit
292 4398 365 4459 lica,
394 4411 460 4458 quae
489 4403 548 4446 sunt
573 4401 713 4462 perspicua
731 4404 758 4445 01
776 4400 840 4448 bene
869 4413 961 4460 graece
981 4403 1057 4448 dicta.
1087 4405 1136 4448 1101
1160 4401 1291 4448 hebraicis

173 4497 267 4532 sensus
287 4488 366 4546 magis
383 4489 584 4546 determinatur,
614 4491 650 4537 ita
667 4495 696 4536 ut
714 4495 856 4549 appareat,
884 4504 989 4539 causam
1008 4491 1086 4540 divini
1112 4492 1210 4538 iuvaris
1230 4504 1292 4538 esse

178 4577 321 4634 inpietate
349 4579 429 4626 vitae.
459 4579 558 4626 Pariter
576 4581 671 4627 dictiue
700 4574 724 4626 δι
754 4573 800 4626 οὐκ
827 4575 897 4638 ὄντες
928 4583 973 4641 qai
998 4596 1052 4629 non
1083 4585 1162 4635 aaut,
1195 4581 1291 4628 ierem.

177 4665 271 4726 XXXI,
295 4667 337 4714 15.
357 4667 440 4716 Sirac-
460 4669 544 4728 xvii,
566 4670 610 4718 28.
631 4670 721 4716 matta.
743 4669 785 4728 ΙΙ,
816 4671 858 4716 18.
885 4671 951 4716 beas
979 4683 1090 4728 graeca,
1119 4676 1160 4717 aet
1187 4683 1235 4729 per
1263 4685 1293 4718 ac
