3120 5294
252 458 328 532 128

321 639 483 700 meare,
515 653 581 702 quse
604 641 734 690 cantem
759 643 886 690 centnm
910 640 991 699 tetet,
1019 641 1046 689 et
1066 639 1092 688 ln
1110 641 1204 688 coeno
1223 640 1284 688 loco
1304 639 1385 686 ette-
1399 652 1441 698 per

321 733 468 778 mannum
487 729 672 779 contractus-t

277 811 303 879 ⁵)
323 821 363 866 lte
377 833 401 866 e.
420 833 447 879 ς.
466 822 607 869 necant
624 825 652 870 et
670 822 803 870 (telvlnl
822 825 987 880 secutores,
1006 820 1342 880 numennumen,
1364 823 1442 867 caule

320 907 428 958 {ductae
446 910 473 956 ln
493 912 548 959 llec
566 916 592 958 ct
610 911 706 960 ebrlstl
724 912 823 960 neritis
842 912 987 960 collocatas
1015 910 1176 966 muratel,
1203 913 1340 970 congestis
1361 911 1441 958 (lme-

320 1011 410 1047 ccrum
437 1001 568 1060 pereunti·
588 1002 765 1050 demonstrare
792 1002 959 1056 conabantur,
988 1001 1046 1048 voct
1073 999 1182 1046 btbllcee
1201 996 1290 1056 πίστις
1315 1003 1442 1048 notione·
1532 1010 1533 1078 i

320 1089 434 1150 Μαι
448 1092 503 1138 lere
522 1092 597 1139 nnlce
615 1091 771 1146 conventre,
797 1091 834 1138 lte
862 1094 890 1138 nt
917 1090 994 1136 etiem
1016 1089 1139 1150 conloco·
1159 1089 1217 1136 illes
1238 1104 1264 1137 e.
1289 1089 1443 1150 Scriptum
1532 1151 1533 1154 Ἴ

321 1179 408 1240 locos,
428 1180 453 1226 ln
472 1182 565 1240 qulbus
585 1185 674 1243 apeme
691 1181 771 1244 fides·
795 1180 973 1238 ttetoriccct,
991 1179 1018 1226 td
1036 1184 1077 1226 est
1094 1190 1244 1234 eremum,
1263 1182 1307 1240 qul
1327 1180 1443 1226 vcrltstl-

321 1269 370 1316 bus
389 1270 511 1318 dlvlnltue
531 1273 652 1320 reveletis
677 1275 840 1332 cruentatur,
866 1271 991 1325 donent,
1019 1280 1071 1315 nnn
1091 1270 1142 1316 alle
1156 1268 1260 1317 ratione
1284 1270 1441 1328 interprete·

325 1365 423 1408 rentur.

377 1452 501 1510 Quantum
521 1451 691 1498 crndlttoncro
707 1449 883 1510 interpretes,
911 1449 954 1508 qul
973 1451 1062 1508 perte·
1081 1449 1247 1496 Neturnllsrnl
1265 1460 1297 1496 cc
1319 1449 1442 1496 llsticne-

321 1539 388 1586 lleml
404 1543 557 1601 sequuntur,
576 1541 642 1586 bend
660 1552 720 1587 rcrn
738 1539 901 1599 lmpendant,
922 1543 951 1586 ut
969 1551 1017 1586 neu
1035 1539 1155 1600 loquendl
1174 1539 1277 1586 detorto
1294 1537 1443 1584 miracul·-

321 1628 425 1690 cllquod
440 1634 485 1678 snt
499 1631 642 1679 doctrinm
659 1629 754 1678 rntlonl
769 1629 892 1678 lumento
908 1629 1059 1690 tmperrlcn
1074 1642 1089 1676 c
1103 1627 1191 1675 ltlblils
1207 1628 1351 1687 eliminent,
1370 1640 1442 1674 nene
1533 1641 1534 1644 ¹

323 1730 409 1768 rerum
428 1721 527 1780 perttnr
548 1721 660 1782 lgnornt.

575 1969 603 2036 s.
620 1966 661 2028 tt.
678 1968 825 2028 dunelmo.
847 1967 971 2028 tnbsttlc
985 1965 1121 2026 uterum

340 2150 387 2214 llx
409 2149 504 2214 dictis
526 2151 654 2216 cuilibet
677 2158 775 2235 patet,
797 2171 928 2237 querum
944 2150 1119 2238 linguarum
1135 2148 1250 2214 notitic
1264 2149 1446 2234 requiratur

251 2257 290 2320 ed
307 2277 434 2322 sensum
451 2279 468 2322 e
484 2279 511 2322 s.
530 2259 698 2340 Scriptura
723 2261 786 2324 rite
812 2265 845 2326 et
872 2264 1020 2324 accurate
1049 2258 1229 2324 eruendum.
1270 2259 1340 2322 lltsi
1371 2279 1446 2321 vcro

251 2387 313 2428 non
337 2365 440 2428 omnia
464 2373 720 2452 argumentante
742 2373 904 2452 potestate
923 2387 1034 2430 vocum
1051 2387 1088 2430 ac
1104 2365 1263 2450 phreeium
1281 2366 1447 2430 statuenda

252 2495 289 2537 cx
305 2473 394 2555 ipsis,
412 2493 491 2557 quot
507 2475 731 2554 recensuimus,
747 2475 887 2540 lentibus
904 2475 1032 2540 haurire
1048 2473 1224 2557 jubeamur,
1249 2479 1386 2537 attamen
1410 2496 1446 2536 ue

252 2581 365 2646 studiis
382 2582 505 2665 quidem
522 2583 666 2666 alierum,
691 2583 745 2668 qui
761 2604 798 2647 ex
814 2583 954 2648 fontibus
971 2603 998 2645 e.
1020 2603 1052 2668 g.
1076 2582 1272 2646 versionibus
1298 2582 1446 2666 antiquis,

249 2689 396 2754 Patribus
412 2697 472 2754 ete.
489 2692 637 2756 materias
654 2697 891 2778 congesserunt,
908 2697 995 2756 recte
1011 2691 1058 2754 uti
1074 2690 1181 2756 licebit
1198 2689 1237 2768 ei,
1254 2691 1308 2772 qui
1323 2689 1446 2774 lingue·

250 2818 320 2860 rum
337 2798 533 2864 orientalium
550 2805 582 2864 et
597 2821 730 2884 graecae
757 2799 936 2886 cognitione
958 2799 1149 2862 accuratiori
1164 2805 1286 2877 carcat,
1314 2799 1446 2862 idioma-

250 2907 355 2988 titquc
378 2906 486 2972 biblici
512 2909 724 2992 proprietates
752 2912 937 2992 perspectas
953 2929 1014 2972 non
1031 2909 1159 2985 hebeat,
1183 2912 1305 2970 atterrtc
1322 2911 1354 2969 ct
1381 2907 1446 2969 frc-

252 3017 359 3098 quenti
381 3017 529 3080 lectione.
557 3019 626 3096 Qua
645 3018 821 3081 eruditione
846 3015 1019 3080 destitutus
1041 3036 1099 3079 nec
1115 3015 1176 3078 rim
1192 3020 1446 3100 argumentorum

252 3125 284 3188 in
306 3126 397 3189 libris
413 3125 610 3190 subsidiariis
627 3127 789 3190 obviorum
806 3125 980 3190 examinare
997 3145 1033 3188 ac
1049 3124 1234 3204 aestimare,
1259 3145 1318 3187 nec
1335 3123 1447 3187 dubius

251 3233 288 3296 cd
306 3233 474 3318 allegatum
490 3234 609 3298 iontem
632 3255 797 3298 recurrere
812 3233 939 3296 valebit.

347 3342 397 3404 Ad
421 3342 567 3425 copiose,
595 3363 675 3425 quae
703 3363 760 3426 per
787 3344 952 3406 decursum
970 3339 1063 3424 hujus
1080 3345 1236 3404 tractatus
1251 3339 1446 3402 laudavimus

253 3451 392 3514 subsidia
415 3451 556 3516 literaria
581 3472 640 3534 pro
669 3452 774 3516 studio
798 3451 924 3536 linguae
951 3471 978 3512 s.
996 3450 1182 3532 Scripturac
1197 3454 1263 3512 tum
1281 3447 1447 3512 hebraicae

252 3563 317 3621 tum
333 3578 465 3642 graecae
478 3560 720 3622 commendanda
735 3560 835 3622 adbuc
850 3559 1016 3621 referimus
1032 3559 1182 3640 quaedam
1198 3557 1339 3622 melioris
1356 3562 1448 3620 notae

255 3687 367 3750 opera,
397 3687 475 3748 qnae
504 3668 543 3730 ad
570 3667 748 3731 discendam
776 3666 913 3753 linguam
939 3667 1084 3731 biblicam
1107 3685 1268 3752 graecum,
1295 3663 1448 3746 imprimis

253 3773 294 3836 N.
310 3775 348 3836 Τ.
366 3774 515 3836 serviunt.
532 3774 623 3837 Talia
640 3781 728 3838 sunt:

346 3884 498 3946 Lecton:
536 3881 597 3946 Jo.
638 3884 754 3946 Frid.
794 3883 1116 3961 Schlcusuer‚
1156 3881 1277 3945 Novum
1309 3881 1449 3944 lexicon

253 3990 537 4076 graeco-latinum
561 3992 592 4054 in
610 3991 649 4055 N.
666 3993 705 4056 Τ.
730 3992 835 4056 Editio
856 3993 907 4056 lV.
939 3993 1026 4075 bips.
1050 3993 1149 4058 1819.
1174 3991 1204 4054 ll
1224 3990 1328 4054 Tomi.
1363 3989 1448 4054 Chr.

255 4100 343 4162 Abr.
372 4099 503 4178 wahl,
543 4100 648 4165 Clavis
677 4100 717 4164 N.
741 4102 780 4164 Τ.
806 4099 1009 4186 philologica.
1044 4099 1128 4164 lldit.
1157 4099 1196 4162 ll.
1233 4097 1323 4180 lips.
1351 4099 1448 4163 1829.

254 4205 401 4288 Ejusdem
431 4207 536 4272 clavis
562 4209 661 4273 NT.
698 4209 891 4294 philologica
924 4207 1033 4272 usibus
1065 4207 1242 4274 scholarum
1281 4211 1314 4269 et
1342 4205 1449 4268 Theo·

254 4315 358 4401 legiae
375 4315 588 4380 studiosorum
604 4319 817 4381 accomodata.
841 4317 947 4381 Editio
971 4319 1081 4383 minor.
1106 4317 1193 4401 hips.
1211 4317 1310 4381 1881.
1344 4313 1381 4378 G.
1409 4314 1447 4378 (l.

255 4425 590 4502 Bretsebnelder,
615 4423 754 4488 [lexicon
775 4426 918 4490 manuele
938 4447 986 4512 gr.
1008 4427 1064 4491 lat.
1081 4426 1112 4489 in
1132 4426 1233 4489 libres
1249 4423 1289 4489 N.
1305 4425 1344 4487 Τ.
1361 4423 1447 4505 lips.

258 4535 355 4602 1829.
380 4534 462 4597 lldit.
481 4535 534 4597 lll.
555 4535 651 4599 1810.
677 4534 767 4599 Chr.
785 4537 913 4600 Gottl.
936 4536 1087 4618 Willte,
1112 4535 1218 4602 (ilaris
1234 4533 1273 4620 N.
1289 4533 1328 4598 Τ.
1345 4533 1448 4618 pbilo-

255 4642 369 4728 logica.
395 4643 535 4709 ltresdae
552 4647 583 4708 et
599 4643 685 4728 bins.
711 4644 807 4712 1841.
825 4645 853 4707 ll
869 4645 971 4710 Tomi.
