3118 5282
1267 422 1344 498 3⁸19

164 605 289 688 cupaut,
313 602 345 668 id
362 599 422 667 sibi
438 602 597 687 proprium
614 595 799 680 habuerunt,
823 602 858 663 ut
874 613 999 664 sensum
1016 591 1229 684 allegoricum,
1248 599 1314 682 jam
1332 623 1349 663 a

160 711 287 776 ludaeis
305 719 336 774 et
351 713 418 775 lere
435 713 473 774 ab
490 708 630 775 omnibus
643 707 806 792 religionis
824 707 1011 770 christianae
1029 707 1211 771 doctoribus
1232 708 1348 791 prioris

163 822 274 885 aetatis
290 821 380 885 valde
396 823 570 884 adamatum
585 813 617 904 ³)
634 819 726 882 nimis
743 818 956 898 extenderent,
979 835 1106 882 sensum
1122 811 1276 884 literalem
1292 840 1348 904 pa·

157 921 230 992 ¹rum
247 934 403 993 curantes.
427 928 689 1013 Allegoristarum
705 926 796 990 facile
813 927 959 1010 princeps
975 931 1043 989 erat
1065 927 1277 1012 Origenes,
1301 927 1351 991 vir

159 1038 268 1101 subtili
283 1037 408 1124 iugenio
435 1036 607 1120 praeditus,
631 1035 730 1098 sacris
752 1040 784 1098 et
804 1034 944 1118 profanis
974 1035 1073 1098 omnis
1094 1035 1220 1122 generis
1246 1033 1348 1101 literis

160 1127 313 1225 cicultus,
335 1146 461 1233 liuguae
478 1163 602 1230 quoque
618 1143 783 1208 hebraicae
808 1161 868 1206 noc
893 1143 1031 1228 guarus,
1048 1149 1141 1226 atque
1156 1143 1258 1228 ampla
1276 1166 1350 1209 eru-

160 1255 279 1319 ditione
302 1256 492 1335 instructus,
523 1253 561 1314 ab
583 1247 776 1336 Hieronymo
807 1254 1040 1317 scelestarum
1066 1264 1143 1336 post
1167 1254 1347 1337 Apostolos

158 1367 319 1444 muyietcr
334 1362 447 1436 dictus.
464 1361 495 1423 is
511 1362 549 1424 ad
565 1360 690 1424 nimium
707 1361 930 1446 allegoriarum
952 1360 1088 1423 studium
1105 1367 1274 1446 propterea
1289 1383 1348 1446 po·

152 1471 308 1535 tissimum
318 1469 565 1552 perductusiuit,
582 1471 665 1554 quod
679 1469 827 1552 quasdam
839 1475 942 1534 sectas
960 1471 1231 1550 heterodoxorum,
1245 1473 1348 1534 nomi-

158 1579 254 1642 natim
269 1579 503 1664 gnosticorum,
526 1597 605 1660 quae
628 1577 770 1661 pluribus
793 1575 1034 1656 narrationibus,
1056 1577 1178 1662 legibus
1202 1583 1235 1642 et
1259 1599 1349 1643 cere-

158 1687 272 1750 moniis
287 1687 324 1749 v.
343 1683 395 1765 T„
412 1707 490 1770 quas
508 1685 576 1750 Deo
594 1685 737 1770 indignas
762 1684 988 1767 existimabant,
1019 1681 1265 1769 offendebantur,
1289 1687 1351 1750 alia

158 1794 284 1858 ratione
299 1794 433 1858 refutari
448 1815 510 1858 non
526 1813 622 1876 posse
639 1795 804 1875 crederet,
832 1792 893 1856 nisi
910 1792 1061 1877 allegoria
1077 1793 1116 1855 ad
1133 1813 1186 1857 eas
1202 1813 1353 1858 excusan-

159 1903 215 1966 das
237 1901 450 1985 adhiberetur,
476 1907 507 1964 et
523 1901 606 1983 quod
622 1900 684 1984 ipsi
699 1920 824 1985 quoque
851 1917 1033 1983 persuasum
1060 1903 1162 1980 esset,
1187 1899 1301 1965 multas
1323 1921 1349 1964 s.

158 2010 342 2094 Scripturas
364 2016 470 2094 partes
489 2009 570 2072 tales
594 2029 673 2087 esse,
696 2027 774 2094 quac
797 2008 930 2073 rationis
947 2009 1108 2092 principiis
1124 2016 1345 2096 repugnarent,

157 2119 368 2202 populumque
390 2116 594 2198 offenderent,
619 2117 699 2180 siin
727 2095 821 2180 seusu
845 2116 963 2180 literali
987 2121 1194 2180 sumerentur.
1227 2117 1349 2196 Quibus

156 2229 331 2292 rationibus
346 2232 518 2310 permotus,
535 2224 684 2310 quidquid
701 2227 732 2289 iu
748 2227 848 2290 sacris
863 2225 965 2289 literis
982 2212 1150 2290 literaliter
1172 2231 1306 2291 sumtum
1329 2247 1348 2290 a

158 2355 252 2400 sanae
267 2335 399 2400 rationis
416 2333 517 2401 effatis
534 2336 668 2399 alienum
685 2355 756 2399 esse
778 2336 952 2414 ridebatur,
975 2329 1008 2398 id
1033 2354 1137 2414 secus,
1164 2352 1255 2418 quam
1277 2355 1348 2400 rer-

158 2445 269 2509 horum
284 2449 427 2528 potestas
442 2450 564 2527 poscat,
581 2444 729 2530 intelligi,
753 2450 785 2508 et
807 2443 838 2506 in
860 2441 1045 2530 allegoriam
1071 2445 1212 2508 converti
1233 2445 1347 2508 debere

157 2555 283 2631 statuit,
311 2555 417 2616 eadem
433 2553 658 2635 interpretandi
673 2554 810 2633 ratione,
836 2574 927 2638 quam
943 2553 1097 2616 Platonici
1123 2553 1281 2647 etStoici
1308 2554 1340 2616 iu

158 2661 355 2748 mythologie
370 2662 549 2744 exponenda
566 2668 598 2724 et
619 2663 793 2725 excusanda
810 2663 913 2728 secuti
936 2667 1019 2740 sunt,
1048 2663 1085 2725 ad
1110 2684 1136 2726 s.
1161 2663 1347 2746 Scripturae

156 2771 382 2856 expositionem
406 2770 558 2834 translata
574 2768 616 2857 ³).
641 2771 792 2834 Distiuxit
815 2771 939 2851 quidem
966 2771 1117 2856 Origenes
1138 2770 1296 2854 triplicem
1320 2793 1348 2836 s.

157 2881 342 2964 Scripturas
364 2897 500 2956 sensum,
529 2879 698 2959 literalem,
726 2881 884 2944 moralem
906 2883 938 2942 et
958 2882 1134 2961 cepaticum
1158 2899 1221 2942 seu
1242 2883 1348 2962 spirl-

155 2991 287 3054 molem.
304 2988 370 3049 etot
386 3003 510 3049 sensum
526 2981 682 3048 literalem
698 2985 790 3050 vilem
807 2983 925 3063 babuit,
943 2991 974 3050 et
990 2990 1110 3048 tantum
1126 3005 1188 3048 non
1212 2987 1347 3070 sprevit,

155 3095 187 3157 iu
204 3095 318 3158 morali
333 3115 410 3159 vero
428 3112 465 3157 ac
481 3093 614 3178 mystico
631 3095 780 3157 sectando
791 3113 911 3156 omnem
926 3093 1245 3182 modumcxcessit*).
1264 3094 1344 3158 Sec-

156 3209 278 3268 tatores
295 3202 373 3284 ejus,
386 3202 573 3286 praesertim
586 3202 689 3266 medio
699 3223 775 3266 aero
793 3201 894 3266 adhuc
909 3201 1034 3288 longius
1051 3203 1212 3286 progressi
1223 3204 1345 3268 medem

157 3316 421 3398 copervenerunt,
438 3315 474 3375 ot
489 3330 615 3375 sensum
631 3309 787 3376 literalem
799 3331 931 3394 prorsus
944 3311 1150 3392 eliminarent,
1168 3310 1237 3376 solo
1254 3331 1348 3377 sensu

156 3423 290 3506 mystico
309 3427 351 3502 et,
368 3421 420 3502 qui
437 3439 506 3484 cum
524 3441 561 3484 eo
579 3419 738 3502 cohaeret,
754 3419 865 3484 morali
877 3425 1012 3486 retento.
1031 3417 1196 3486 Caeterum
1210 3419 1346 3485 Scholae

155 3529 383 3594 Alexandrinae
394 3549 456 3590 non
472 3533 590 3592 tantum
605 3547 739 3613 &aecae
754 3530 810 3590 sed
826 3528 919 3592 etiam
936 3524 1050 3592 latinae
1062 3525 1223 3614 Ecclesiae
1234 3529 1347 3595 Patres

155 3639 273 3702 addicti
289 3642 387 3702 erant
413 3638 492 3700 Post
509 3637 678 3722 origenem
694 3633 887 3700 celebriores
908 3638 1001 3722 huius
1024 3635 1161 3700 scholae
1185 3626 1344 3721 interpre-

155 3757 205 3810 tes
221 3753 308 3810 sunt:
343 3741 525 3808 blilarius
551 3744 842 3827 Pictavieusis,
864 3743 1043 3807 Basilius
1060 3743 1241 3830 Magnus,
1263 3747 1346 3810 Am-

156 3855 319 3918 brosius
336 3860 367 3918 et
391 3851 911 3937 cyrillusAlexandrinus3
936 3851 1059 3936 quibus,
1077 3851 1234 3938 siplacet,
1251 3855 1347 3919 Gre-

154 3983 204 4046 go
210 3963 297 4046 rios
313 3963 428 4026 addere
444 3967 536 4044 potes
553 3958 595 4046 ι).

183 4140 208 4202 ¹)
229 4147 401 4194 Pantaeno
421 4143 547 4204 magistro
572 4156 634 4193 usus
653 4149 695 4192 est
713 4145 867 4192 clemens
895 4147 1160 4206 Alexandrinus,
1182 4148 1351 4196 Clemente

229 4237 414 4296 Origenes,
434 4249 521 4283 omnes
542 4241 612 4294 tres,
634 4235 699 4282 alius
718 4239 779 4295 post
803 4236 895 4291 alium,
921 4237 1107 4284 celeberrimae
1137 4237 1247 4284 Scholae
1273 4245 1344 4285 cate-

228 4327 345 4374 cheticee
359 4325 544 4374 Alexandrinae
563 4327 668 4371 luerunt
687 4324 820 4382 praetecti.

182 4429 208 4496 ¹)
228 4436 305 4482 conl.
324 4435 366 4494 ss.
386 4435 537 4480 227-230.

182 4537 207 4601 ⁸)
228 4544 268 4588 lte
288 4543 309 4587 sl
329 4540 621 4599 anmrcpomorpntsase
640 4537 761 4598 quasdam
787 4539 925 4589 sartorum
944 4543 1070 4590 dictiones
1096 4543 1129 4588 ds
1155 4542 1203 4588 Del
1222 4544 1344 4605 auribus,

228 4631 326 4685 occulta,
361 4627 470 4680 adventu
498 4635 524 4677 et
549 4631 686 4690 discessu,
715 4629 874 4686 poenitentia
902 4645 932 4678 ac
963 4635 1000 4678 tra
1022 4635 1207 4680 exardescente
1235 4639 1343 4695 proprie
