3118 5282
1274 441 1350 518 393

481 679 505 738 s.
522 668 584 730 tit.
600 668 795 742 interpretatio
810 668 1027 742 panonrnoniea

245 819 386 903 Denique
423 821 691 885 commemoranda
725 824 775 883 est
809 817 1030 902 interpretatio
1065 821 1341 904 punbarmoreo'cu,

155 947 216 1008 qua
232 929 286 994 ille
303 947 414 994 sensus
431 928 593 992 doctrinae
616 927 762 1007 biblicae,
786 947 864 1009 quae
889 926 1018 992 Christo
1043 928 1244 1007 attribuitur,
1273 933 1345 991 tan-

154 1056 245 1120 quem
267 1056 361 1100 verus
388 1036 563 1118 accipitur,
595 1035 650 1118 qui
673 1055 742 1098 cum
765 1034 835 1098 aliis
860 1034 980 1100 Christi
1004 1033 1125 1115 eliatis,
1149 1037 1188 1099 de
1211 1056 1343 1118 qnorum

152 1163 247 1206 sensu
262 1143 378 1206 nullum
395 1148 444 1208 est
460 1142 607 1222 dubium,
630 1143 714 1207 inter
729 1162 763 1206 se
780 1142 905 1206 collatis
921 1149 954 1208 et
971 1164 1039 1206 cum
1056 1144 1096 1208 iis
1112 1143 1341 1208 universalibus

151 1251 324 1335 principiis,
348 1272 427 1334 quae
442 1250 566 1315 aliunde
580 1271 656 1314 vera
672 1254 705 1314 et
721 1255 809 1316 certa
823 1255 906 1332 sunt,
930 1255 1019 1316 totus
1036 1251 1204 1316 consentit.
1230 1252 1341 1334 ltaque

151 1360 229 1423 haec
252 1360 477 1443 interpretandi
493 1359 602 1446 regula
624 1380 682 1444 pro
706 1359 905 1424 fundamento
929 1357 1024 1425 hebet
1047 1366 1185 1444 systema
1213 1360 1339 1426 theolo-

149 1467 264 1553 gicum,
289 1489 326 1532 ex
349 1468 445 1532 certis
469 1467 634 1551 principiis
656 1471 723 1530 tum
746 1487 771 1530 s.
797 1467 982 1552 scripturae
1004 1472 1070 1531 tum
1094 1487 1187 1532 sanae
1207 1469 1340 1533 rationis

150 1580 306 1654 coactum,
330 1581 362 1639 ct
378 1595 416 1640 eu
439 1573 500 1638 linc
516 1575 641 1638 invecta
656 1580 716 1654 est,
739 1581 775 1639 ut
797 1575 1056 1656 dissensionibus,
1080 1576 1112 1640 in
1136 1596 1215 1659 quas
1238 1577 1340 1642 inter·

148 1688 255 1766 pretes
271 1683 433 1766 principiis
448 1683 652 1770 grammatico
667 1684 831 1748 historicis
855 1684 955 1750 solum
981 1682 1091 1748 conlisi
1113 1685 1337 1765 discesserant,

148 1791 293 1872 sublatis,
316 1798 349 1857 et
372 1792 598 1873 rationalium,
634 1793 666 1856 in
689 1811 780 1876 quem
813 1791 868 1856 illa
902 1792 1057 1877 principio
1088 1793 1156 1858 siue
1191 1793 1338 1862 cautione

147 1905 299 1982 usurpata
314 1900 346 1964 in
362 1901 429 1965 dics
445 1901 543 1988 magis
560 1900 722 1988 magisque
742 1901 943 1982 deduxerant,
968 1902 1058 1966 obice
1081 1903 1199 1986 posito,
1221 1923 1337 1989 exege-

146 2009 193 2072 sis
217 2029 287 2072 cum
310 2009 436 2092 antiqua
457 2009 620 2074 Ecclesiae
642 2007 705 2074 fide
728 2013 887 2093 utcunque
909 2010 1169 2075 reconciliaretur
1186 2008 1228 2098 ¹).

237 2115 356 2203 Negat-i
378 2139 440 2182 oon
464 2121 583 2203 potest,
605 2118 786 2182 methodum
808 2117 1080 2202 paubarmonieam
1101 2119 1148 2183 ita
1162 2123 1335 2202 spectatam

5 2180 12 2286 Ξ
41 2285 44 2290 ,
145 2225 318 2289 subsidium
334 2225 536 2310 suppeditare
552 2227 592 2289 od
605 2245 728 2290 sensum
741 2246 766 2290 s.
776 2225 960 2310 Scripturas
972 2227 1004 2290 iu
1020 2227 1114 2290 rebus
1130 2223 1205 2290 fidei
1220 2232 1252 2290 et
1268 2249 1337 2292 mo·

145 2356 215 2398 rum
228 2335 461 2417 explorandum,
472 2339 527 2399 aut
538 2335 646 2420 potius
658 2334 852 2418 exploratum
864 2336 1095 2400 examinandum
1110 2340 1143 2400 et
1157 2337 1207 2400 vel
1219 2357 1336 2421 eppro-

145 2444 290 2526 bandum,
301 2444 351 2508 vel
364 2445 603 2528 reprobandum,
620 2465 689 2508 cum
701 2465 762 2508 nou
773 2443 815 2508 sit
826 2441 887 2507 nisi
897 2444 1067 2529 peculiaris
1078 2444 1161 2508 ratio
1177 2444 1338 2530 analogiae

144 2552 317 2633 doctrinae,
331 2573 368 2618 en
379 2554 476 2618 certis
489 2575 649 2620 sacrarum
661 2554 823 2619 literarum
835 2558 867 2618 et
878 2554 1041 2641 religionis
1053 2553 1204 2618 naturalis
1218 2554 1337 2618 verite·

143 2661 230 2724 tibus
248 2666 435 2746 congestae,
454 2682 546 2744 quam
563 2663 603 2725 ob
619 2682 687 2726 rem
702 2663 741 2728 de
758 2682 795 2726 ea
812 2663 926 2743 valent,
944 2682 1022 2744 quae
1039 2663 1077 2726 de
1093 2662 1236 2746 analogia
1259 2663 1337 2726 doc·

143 2769 246 2832 trinae
261 2757 436 2855 generatim
460 2774 573 2852 sumta,
589 2771 667 2834 etde
677 2790 833 2834 consensu
844 2771 1064 2852 revelatorum,
1081 2771 1207 2853 quaein
1224 2770 1336 2834 Bibliis

143 2880 307 2960 habentur,
325 2878 550 2944 sententiarum
567 2899 636 2942 eum
651 2879 785 2944 veritate
798 2879 868 2964 ipse
882 2879 1015 2945 diximus
1028 2875 1071 2966 ²).
1089 2880 1168 2958 Quia
1182 2884 1285 2944 tamen
1301 2880 1333 2944 in

144 2990 364 3054 constituenda
385 2989 444 3054 hac
467 2988 609 3075 malogia
625 2988 725 3054 omnia
741 2988 865 3054 nonnisi
882 3009 900 3052 a
915 2988 1108 3075 singulorum
1124 2989 1331 3072 interpretum

143 3098 354 3183 intelligentia
370 3097 526 3182 pendent,
549 3119 612 3161 non
635 3100 743 3180 potest
764 3094 836 3162 lieri
846 3145 855 3179 ,
880 3097 953 3180 quin
964 3096 1044 3160 varii
1059 3097 1091 3160 in
1106 3097 1210 3162 varias
1226 3102 1334 3180 partes

143 3206 316 3290 discedant,
341 3210 374 3270 et
396 3209 476 3270 banc
501 3206 541 3270 ob
563 3225 631 3269 reru
646 3205 833 3294 analogiam,
849 3226 929 3289 quae
941 3205 1211 3290 interpretationis
1226 3225 1335 3270 norma

143 3315 197 3396 sit,
220 3315 301 3380 alius
325 3314 418 3380 aliam
441 3314 502 3379 sibi
524 3321 624 3379 ratam
648 3315 770 3379 babeat.
798 3313 888 3378 Unde
903 3320 1001 3398 patet,
1024 3313 1083 3378 hac
1106 3314 1334 3398 interpretandi

140 3425 264 3490 ratione
281 3425 426 3510 exegesin
448 3445 511 3488 non
534 3445 604 3488 cum
628 3443 683 3507 ea,
706 3443 798 3506 quam
821 3424 981 3506 antiquior
1003 3423 1250 3487 Protestantium
1270 3421 1333 3485 lle-

143 3533 241 3598 clesia
262 3531 482 3618 profitebatur,
505 3529 579 3615 tide,
604 3533 660 3598 sed
691 3554 762 3597 eum
792 3532 870 3616 ejus,
894 3532 948 3616 qui
966 3533 1202 3616 interpretatur,
1227 3535 1333 3614 syste-

140 3645 225 3704 mate
246 3640 428 3724 tbeologieo
449 3639 630 3719 conciliari,
659 3661 717 3704 nee
748 3639 859 3704 mirum
882 3644 943 3721 cst,
976 3639 1005 3704 si
1030 3643 1114 3704 teste
1142 3637 1334 3721 experientia

141 3769 242 3832 neque
260 3751 425 3831 componat
441 3748 524 3827 lites,
539 3767 641 3830 neque
656 3748 725 3831 ipsa
740 3767 759 3810 o
772 3745 987 3812 rationalismo
999 3766 1132 3832 prorsus
1154 3747 1256 3811 aliene
1278 3747 1331 3812 sit.

166 3925 192 3991 ¹)
210 3931 308 3979 Auctor
333 3929 411 3990 innjus
438 3929 659 3991 interpretationis
681 3935 722 3980 est
751 3932 839 3980 irriti.
867 3933 966 3981 iisne.
992 3929 1143 3991 flenmor,
1172 3932 1335 3992 praedicetur

212 4023 309 4070 nuiieus
336 4021 629 4082 Augustenburgeusis,
659 4024 704 4083 qui
726 4037 782 4072 cem
804 4023 973 4086 sequentibus
997 4023 1120 4082 operibus
1145 4021 1284 4082 proposuit
1305 4024 1333 4068 et

211 4112 414 4160 commendarito
441 4112 490 4160 itis
512 4113 743 4172 panhormonircbc
769 4115 971 4174 interpretation
989 4114 1037 4162 der
1059 4113 1120 4162 boll.
1146 4111 1258 4170 Scin-iit,
1290 4110 1331 4157 sin

212 4203 328 4250 Versucn
337 4217 370 4250 au
379 4205 452 4250 einer
463 4205 553 4252 kirreu
565 4206 618 4252 und
629 4207 797 4265 grundiicben
810 4205 953 4265 Audosuug
972 4206 1018 4252 der
1039 4201 1234 4262 Streitigkeiteu
1249 4201 1276 4246 iu
1285 4201 1332 4246 der

211 4292 379 4340 einristiieireu
389 4292 486 4340 iirreine
495 4294 671 4353 betzutreqen.
686 4294 827 4353 Seblsswig
847 4295 925 4342 1821.
939 4295 1089 4351 -lteitrag
1103 4291 1330 4350 uurollgemeinen

151 4400 154 4410 .
211 4383 412 4442 tiermsnsuttk3
433 4385 475 4430 ein
490 4384 605 4430 Vorsucb
623 4397 670 4432 nur
689 4385 804 4432 biberen
821 4385 993 4445 Begrbnduug
1012 4386 1058 4430 der
1081 4382 1329 4441 peubtrmuuirclnen

211 4473 420 4529 interpretation.
450 4473 544 4520 Aitunn
565 4473 644 4520 1828.
666 4474 767 4521 -itis
794 4475 1035 4528 hermeneutisciren
1056 4472 1155 4531 iitngei
1177 4473 1223 4518 der
1250 4484 1328 4532 soge-

149 4591 157 4600 -
209 4565 322 4609 nannien
340 4563 721 4624 grammatisou-iirtoriseiron,
742 4566 956 4626 cigentilcin.ubcr
971 4566 1018 4610 der
1035 4564 1329 4625 'ieet-interpretation.

151 4693 153 4700 .
213 4652 284 4702 iioiie
306 4651 626 4704 restitueremus
646 4654 774 4704 inonultis
796 4658 903 4706 similem
926 4656 1069 4716 nuperrime
1094 4653 1178 4704 edinue
1203 4665 1330 4702 commen·
