3118 5282
249 433 326 510 eut

338 611 425 690 Quae
441 625 510 672 eun
525 609 571 672 its
585 605 659 686 sint,
674 605 866 688 Principium
882 609 1026 672 nostrum
1041 606 1155 672 nerito
1171 607 1324 692 postulet,
1352 612 1389 672 ut
1404 609 1433 671 in

247 737 342 782 sensu
357 717 473 782 biblico
489 715 675 801 inquirendo
691 719 725 778 et
739 715 922 798 exponendo
937 717 977 780 ed
992 735 1046 780 sss
1061 716 1148 803 leges
1164 719 1354 800 attendetur,
1367 718 1436 800 qui·

248 827 307 892 bus
323 825 407 892 sacri
421 827 595 908 scriptores
610 825 642 887 in
659 823 925 890 communicandis
943 825 1092 912 cogitetis
1108 847 1178 889 cum
1194 826 1368 890 lectoribus
1379 827 1435 890 ed-

247 936 354 1002 stricti
366 941 465 1000 erent.
481 935 524 998 Et
535 934 607 1018 quie
619 933 699 998 istae
709 933 798 1020 leges
811 933 967 1020 duplicis.
980 934 1166 1024 scripturae
1178 935 1293 1016 indole,
1306 937 1435 999 humone

248 1065 359 1132 nempe
372 1063 411 1108 ec
426 1043 530 1108 divine
544 1043 723 1124 iunhntur,
744 1042 776 1106 iu
803 1049 929 1126 promtu
952 1048 1011 1124 est,
1028 1063 1096 1110 enm
1110 1049 1231 1108 tuntum
1247 1044 1436 1108 Hermeucu-

249 1153 344 1218 tieem
359 1149 504 1216 biblicum
520 1156 608 1215 rectu
622 1150 673 1216 vie
687 1151 873 1234 procedere,
889 1171 951 1234 qne
965 1153 1067 1216 omnis
1081 1151 1238 1232 subsidit,
1264 1173 1344 1236 queo
1361 1173 1435 1215 con-

248 1261 444 1326 sideratione
457 1259 621 1342 utriusque
636 1259 750 1324 indolis
765 1277 801 1324 se
816 1257 974 1343 oderunt,
997 1260 1096 1324 smice
1112 1260 1346 1325 consociantur.
1369 1260 1435 1338 Quo

250 1362 468 1452 conjunctione
484 1365 634 1448 edicitur,
660 1371 696 1432 ut
722 1373 892 1454 praecepte
917 1369 1146 1453 interpretandi
1171 1369 1360 1433 universalia
1380 1387 1436 1452 per

250 1495 297 1556 en,
313 1495 393 1562 quse
407 1495 435 1540 s.
452 1475 637 1559 scripturae
653 1473 825 1560 peculiaria
841 1483 926 1558 sunt,
943 1475 1156 1562 perficientur,
1174 1477 1388 1560 compleantur
1403 1481 1434 1540 et

249 1583 425 1664 diruentur,
440 1583 636 1668 praesertim,
653 1584 707 1649 ubi
721 1585 944 1670 nenignnsimo
958 1585 1054 1654 divini
1070 1585 1245 1652 salvatoris
1260 1584 1437 1670 dispositio,

250 1715 312 1778 qus
327 1694 501 1758 Ecclesiam
515 1693 616 1758 totius
632 1692 768 1778 depositi
792 1694 955 1760 doctrinae
979 1695 1140 1760 rerelstse
1160 1693 1358 1760 intuentem
1373 1713 1437 1756 mn-

251 1804 394 1890 mem,
406 1802 547 1886 jndicem
563 1821 600 1866 ec
615 1803 820 1887 interpretem
836 1804 1011 1888 constituit,
1027 1804 1059 1868 in
1074 1805 1168 1868 rebus
1179 1801 1255 1867 fidei
1270 1807 1303 1866 et
1317 1823 1437 1866 morum

251 1930 338 1974 suem
356 1909 526 1975 edicncism
543 1909 669 1994 exserit,
686 1931 747 1994 quo
762 1908 810 1995 fit,
826 1915 862 1975 ut
877 1912 977 1976 omnis
994 1931 1085 1976 error
1100 1911 1282 1976 excludetur
1297 1915 1331 1974 et
1345 1911 1439 1975 certi-

250 2017 328 2082 tudo
345 2018 429 2082 omui
444 2018 627 2104 exceptione
641 2015 741 2102 major
754 2019 943 2084 obtinentur.
959 2019 1160 2106 Quapropter
1174 2017 1202 2082 si
1217 2018 1438 2100 interpretatio

250 2127 367 2200 biblios
391 2148 519 2195 normse
546 2127 731 2212 discipliane
756 2133 883 2196 nusune
907 2128 1131 2211 conformetur,
1154 2150 1215 2195 nou
1237 2123 1437 2212 potentiori,

252 2234 325 2318 quin
340 2255 424 2317 vern,
440 2235 573 2318 eunctis,
602 2256 681 2319 quse
708 2241 826 2318 extent,
853 2236 1002 2302 subsidiis
1018 2237 1145 2318 munite,
1162 2235 1282 2320 prucis,
1300 2236 1436 2300 omnibus

251 2343 390 2408 numeris
405 2343 550 2410 wsoiuts
565 2344 618 2408 eit.
