3092 5286
1217 403 1289 476 161

107 601 167 662 pro
183 577 269 641 illius
286 577 467 642 diversitate
482 577 626 642 notiones
646 582 748 641 mente
765 582 933 662 conceptas
952 577 1044 642 etiam
1061 579 1184 644 diverso
1200 583 1293 646 modo

108 689 306 772 eloquantur,
333 685 492 750 declarent
516 691 549 750 et
567 686 721 766 referant,
756 706 812 768 per
836 707 871 751 se
899 687 1104 773 intelligitur,
1128 688 1298 772 interpreti

105 795 225 860 biblico
241 797 280 860 ad
297 796 450 860 culturam
467 815 606 881 quoque,
632 797 758 880 quaein
774 797 904 860 formam
919 797 981 860 vim
997 797 1108 878 babet,
1132 800 1294 864 attenden-

107 909 182 970 dum
199 925 287 984 esse,
311 909 346 968 ut
362 905 515 968 rationem
530 905 680 989 loquendi
693 905 838 969 biblicam
853 905 952 987 probe
968 913 1154 992 cognoscat,
1176 911 1297 990 hacque

109 1012 238 1098 cognita
253 1012 397 1076 notiones
414 1015 498 1096 ipsas
514 1013 612 1094 tales,
637 1014 745 1097 quales
768 1013 864 1077 menti
879 1014 1071 1096 loquentium
1085 1015 1295 1080 obversaban-

106 1127 181 1198 tur,
205 1140 241 1182 ex
257 1119 465 1204 singularibus
492 1121 657 1183 verborum
678 1121 848 1184 involucris
874 1121 938 1184 illis
963 1123 1121 1186 consuetis
1142 1123 1294 1207 perfecte,

109 1231 177 1294 sine
195 1229 278 1292 omni
304 1228 534 1308 immutatione,
562 1234 727 1314 augmento
751 1229 800 1293 vel
823 1229 1026 1294 diminutione
1053 1251 1164 1297 eruere
1185 1233 1297 1296 valeat.

110 1337 190 1400 (ium
205 1357 280 1400 vero
298 1337 336 1400 de
352 1336 503 1422 singulari
518 1336 801 1422 hagiographorum
818 1337 950 1416 cultura,
963 1344 1109 1420 quantum
1126 1340 1165 1403 ad
1180 1340 1297 1424 stylum

109 1467 236 1529 quoque
253 1446 375 1524 attinet,
392 1451 503 1530 agatur
517 1446 549 1508 in
565 1447 693 1528 speciali
711 1467 871 1510 sacrorum
887 1446 1037 1510 librorum
1053 1448 1299 1529 introductione,

110 1555 162 1618 bio
179 1553 244 1617 loci
259 1553 373 1617 biblica
389 1553 511 1617 dicendi
527 1574 563 1617 ac
580 1555 737 1618 scribendi
759 1554 841 1618 ratio
867 1554 957 1618 nobis
981 1555 1125 1620 universe
1153 1557 1298 1620 couside-

109 1664 210 1726 randa
227 1667 286 1726 est.
310 1665 379 1742 Quo
396 1664 428 1726 iu
444 1663 581 1748 negmio,
599 1663 671 1748 quia
687 1664 810 1728 cultura
824 1663 1015 1745 loquentium
1030 1664 1170 1728 formalis
1185 1671 1251 1730 tom
1267 1667 1299 1729 in

111 1772 255 1836 oratione
271 1771 386 1836 biblica
405 1776 605 1855 generatim,
628 1778 696 1836 tum
717 1775 890 1856 speciatim
912 1773 944 1834 in
972 1773 1153 1857 quibusdam
1175 1775 1303 1840 dicendi·

109 1880 286 1944 rationibus
301 1880 426 1944 biblicis
443 1881 611 1963 conspicua
627 1885 694 1960 est,
718 1899 844 1966 agemus

202 1989 241 2050 Α.
264 1989 307 2050 de
322 1989 432 2052 indole
451 1992 615 2053 orationis
633 1990 772 2054 biblicae
795 1993 830 2053 ins
843 2011 975 2073 penne,

200 2097 237 2158 B.
262 2097 305 2159 de
330 2099 526 2178 quibusdam
548 2099 682 2161 dicem
706 2101 893 2164 rationibus
916 2102 953 2162 ic
979 2103 1109 2182 specie,
1138 2120 1216 2183 qnae
1246 2105 1301 2164 ant

264 2204 485 2290 hagiographis
500 2205 607 2290 privae
623 2211 713 2286 sunt,
737 2213 791 2271 aut
814 2213 900 2273 certe
919 2208 1017 2294 magis
1038 2209 1225 2288 familiares,
1248 2210 1299 2272 vel

266 2314 358 2376 etiam
375 2313 436 2377 alia
451 2315 573 2378 ratione
590 2315 812 2396 conformatae,
832 2321 863 2380 et
878 2322 1047 2402 propterea
1062 2317 1250 2403 singularem
1266 2320 1298 2381 in

269 2424 491 2507 exponendas.
509 2425 675 2510 Scriptura
691 2427 892 2490 attentionem
908 2431 1076 2491 merentur.

687 2667 716 2713 h.

355 2800 383 2868 s.
406 2797 462 2857 lot.
477 2797 513 2857 lie
528 2799 617 2858 indole
633 2801 765 2860 orationis
781 2801 895 2860 biblicae
910 2803 940 2860 tn
955 2815 1061 2874 genere.

202 2966 313 3030 Oratio
329 2965 444 3030 biblica
466 2965 639 3051 generatim
663 2966 861 3029 considerata
880 2968 1010 3030 duobus
1032 2967 1227 3048 potissimum
1250 2967 1299 3029 di-

109 3055 290 3160 stinguitur.
321 3076 361 3137 itt
384 3076 516 3157 primum
540 3075 662 3158 quidem
686 3079 788 3138 notam
808 3079 971 3140 tenuioris
993 3079 1141 3141 ruiturae
1163 3076 1298 3157 impres·

109 3205 174 3248 sam
190 3184 295 3248 babet.
320 3185 388 3262 Quo
404 3180 457 3266 lit,
481 3189 517 3246 ut
539 3183 703 3266 loquentes
727 3183 758 3246 iu
774 3183 884 3247 liibliis
907 3189 1035 3246 utantur
1056 3183 1202 3246 brevibus
1226 3205 1299 3246 sen-

108 3293 234 3373 tentiis,
259 3298 290 3357 et
314 3293 424 3356 iisdem
447 3291 523 3377 fere,
548 3297 694 3375 quantum
718 3291 787 3356 lieri
813 3297 939 3376 potest,
963 3292 1093 3355 vocibus
1116 3311 1152 3354 ae
1176 3290 1313 3355 formu-¹

106 3401 165 3484 lis,
203 3402 276 3485 quin
305 3400 390 3484 ipsas
420 3400 541 3464 variare
564 3396 727 3486 ament¹)3
761 3406 797 3464 ut
818 3421 915 3485 porro
940 3405 1066 3464 careant
1090 3400 1293 3482 accuratiori,

107 3530 169 3594 qua
192 3510 300 3573 schola
321 3509 432 3590 utitur,
456 3509 611 3590 dictione,
644 3531 701 3573 nec
725 3533 786 3573 non
808 3511 914 3594 rigore
938 3509 1042 3595 logico
1067 3505 1292 3588 definitionum,

107 3621 221 3704 quibus
244 3621 494 3702 descriptiones,
531 3620 758 3684 declarationes
790 3626 822 3683 et
845 3621 1017 3684 antitheses
1041 3619 1235 3684 substituunt
1250 3619 1294 3709 ²),

107 3735 140 3794 et
162 3729 347 3792 divisionum
370 3730 409 3792 ad
431 3749 540 3792 nerum
564 3735 595 3792 et
617 3729 733 3792 limites
756 3729 1005 3793 determinandos
1018 3724 1069 3814 ⁸)3
1101 3733 1135 3791 ut
1157 3728 1291 3812 denique

106 3837 199 3900 modo
224 3837 385 3922 quaepiam
409 3836 510 3900 desint
522 3835 565 3926 ⁸),
590 3839 681 3902 modo
706 3838 879 3920 pleonasmi
904 3831 1123 3922 occurrant⁵).
1152 3836 1210 3900 llis
1226 3838 1292 3899 fre-

106 3949 240 4028 quenter
262 3946 414 4008 accedunt
438 3946 775 4029 anthropomorphismi
804 3951 836 4009 et
864 3945 1188 4032 anthropopathismi,
1220 3945 1291 4028 qui-

104 4053 164 4118 bus
187 4053 320 4116 humano
344 4074 431 4118 more
454 4054 493 4118 de
515 4053 605 4133 Deo,
637 4056 726 4136 quasi
755 4060 839 4118 esset
863 4057 971 4133 bomo,
999 4055 1170 4138 loquuntur
1182 4056 1232 4132 ⁸),
1257 4059 1289 4116 et

102 4160 277 4246 generatim
322 4162 627 4245 repraesentationes
664 4164 840 4242 sensuales,
876 4164 987 4247 quibas
1018 4183 1071 4226 res
1103 4163 1289 4245 exprimunt,

102 4273 199 4352 prout
223 4268 365 4332 sensibus
389 4267 578 4354 offeruntur,
603 4271 743 4352 quamvis
767 4273 907 4335 omnibus
931 4271 981 4335 his
1004 4271 1194 4334 dictionibus
1216 4291 1289 4333 rec·

101 4378 204 4441 tiores
228 4375 350 4441 subsint
373 4377 518 4443 notiones
531 4376 573 4465 ⁷).

193 4485 273 4548 Dein
295 4507 370 4550 vero
394 4487 553 4572 peculiare
583 4486 719 4551 orationi
746 4486 881 4551 biblicae
905 4491 969 4566 est,
1001 4487 1083 4572 quod
1107 4487 1288 4571 loquentes,
1396 4575 1400 4584 Ι

100 4598 215 4676 utpote
240 4592 431 4676 orientales,
456 4597 688 4680 ferventiorem
715 4597 856 4660 indolem
880 4619 921 4662 oc
943 4600 1144 4660 vivaciorem
1169 4596 1289 4676 imapi-

138 4730 220 4771 ruere.
238 4723 336 4771 niniam.
355 4726 374 4769 ι.
1043 4723 1074 4772 11
