3092 5286
1215 411 1290 486 169

193 589 232 672 e)
255 589 385 652 liemum
401 607 420 651 a
434 587 529 650 rebus
552 586 688 670 antiquis
704 584 753 648 vel
769 584 945 670 peregrinis
969 586 1187 670 desumuntur,
1209 608 1289 670 quae

102 696 194 760 nohis
210 703 283 760 sunt
298 700 476 762 inusitatae
493 694 534 781 ⁵).

192 807 435 892 Distinguuntur
450 825 525 868 varo
545 803 696 890 imagines
719 807 900 886 quantitate
923 807 956 866 et
979 805 1143 886 qualitate.
1184 803 1289 870 Priori

100 917 250 996 respectu
275 918 348 977 sunt
362 912 412 978 rel
427 915 597 995 simplices
618 912 667 975 vel
691 916 911 994 compositaeq
934 911 1108 996 posteriori
1133 915 1287 978 similitu·

100 1025 200 1086 dines
216 1027 247 1085 et
262 1023 475 1105 metaphorae
491 1021 721 1084 discernuntur.

93 1157 95 1160 ·
193 1129 284 1207 Quod
311 1127 517 1192 differentiam
539 1127 707 1213 imaginum
730 1127 853 1192 ratione
878 1126 1062 1211 quantitatis
1087 1127 1218 1208 attinet,
1247 1129 1287 1192 ad

94 1239 271 1318 'simplices
285 1237 449 1301 referimus
467 1255 538 1315 eas,
565 1237 677 1320 quibus
701 1255 761 1301 una
787 1241 906 1299 tantum
922 1235 1072 1322 cogitatio
1090 1235 1213 1299 nonnisi
1229 1257 1290 1300 uua

97 1345 161 1426 ¹alia
174 1346 203 1408 ei
215 1345 309 1410 simili
324 1351 588 1430 repraesentatur,
605 1346 671 1409 sive
686 1346 719 1408 id
734 1367 796 1408 uno
814 1344 953 1408 alterove
969 1348 1099 1427 tanturn,
1115 1343 1165 1408 vel
1180 1335 1289 1430 paucis

100 1452 222 1531 verbis,
251 1453 316 1518 sive
343 1455 437 1518 etiam
459 1453 600 1537 pluribus
626 1451 691 1518 liat.
732 1453 813 1518 Sunt
832 1472 908 1516 vero
937 1451 969 1514 in
986 1451 1097 1516 Bibliis
1112 1453 1219 1536 plures
1237 1473 1289 1516 res

99 1581 161 1624 uno
183 1561 324 1626 alterove
346 1563 442 1626 verino
471 1583 651 1646 expressae,
680 1583 757 1646 quae
781 1561 898 1645 passim
913 1580 974 1643 que
989 1561 1139 1646 imagines
1155 1561 1286 1624 aliarum

98 1675 304 1752 usurpantur3
329 1691 390 1753 quo
416 1671 557 1754 inprimis
584 1673 734 1754 quaedam
761 1670 884 1734 nomina
908 1671 1037 1752 propria
1067 1689 1282 1752 personarum,

99 1777 259 1841 civitatum
275 1799 312 1841 ac
328 1780 487 1842 nationum
503 1779 668 1842 referenda
684 1781 775 1858 sunt,
801 1779 913 1862 quibus
935 1777 1018 1840 aliud
1043 1777 1235 1861 nominatur,
1254 1786 1286 1841 et

98 1887 183 1949 aliud
199 1887 299 1951 simile
322 1887 479 1951 indicatur
495 1883 537 1973 ⁸).
576 1887 731 1973 Imagines
757 1891 957 1970 compositas
985 1907 1038 1949 eas
1063 1907 1226 1970 vocamus,
1254 1887 1286 1950 in

97 1995 230 2078 quibus,
259 1997 331 2060 dum
353 2001 590 2080 repraesentant
616 1997 778 2080 quamdam
795 1995 1016 2080 cogitationem
1033 2015 1090 2079 per
1106 1995 1287 2081 singularia,

98 2103 206 2185 plures
223 2102 372 2189 imagines
389 2103 633 2168 commiscentur
648 2100 692 2191 7).

187 2211 321 2276 Ratione
338 2213 498 2297 qualitatis
514 2232 570 2276 scu
587 2213 672 2276 modi
687 2211 832 2276 notiones
849 2211 1048 2295 comparandi
1058 2210 1108 2274 rel
1124 2211 1288 2275 manifesta

99 2318 312 2383 similitudinis
328 2323 485 2385 mentions
514 2341 566 2384 res
584 2343 652 2384 cum
675 2321 737 2384 alia
759 2319 938 2399 confertur,
966 2319 1016 2384 vel
1041 2317 1108 2384 sinc
1137 2318 1290 2403 ejusmodi

99 2425 235 2492 disserta
250 2429 406 2493 mentione
422 2449 474 2494 res
490 2429 550 2492 alia
566 2449 600 2492 re
617 2429 711 2492 simili
726 2432 991 2512 repraesentatur.
1025 2428 1146 2493 Prioris
1161 2428 1290 2516 generis

99 2535 287 2601 collationes
302 2541 554 2618 similitudines,
582 2538 769 2620 posterioris
785 2541 1012 2620 metaphorae,
1029 2543 1083 2602 aut
1099 2537 1127 2600 si
1143 2535 1286 2602 continu-

97 2649 207 2725 antur,
236 2647 415 2729 ulleqors‘ae
443 2648 571 2710 audiunt
587 2641 629 2734 ⁸).
669 2648 788 2726 Quibus
815 2645 959 2732 subjungi
987 2650 1117 2728 oportet
1130 2649 1286 2726 moues,

96 2755 282 2835 parabolas
298 2761 330 2818 ct
343 2758 481 2840 subulas
496 2761 590 2840 atque
611 2777 767 2839 quomm,
793 2776 871 2836 quae
892 2756 985 2818 modo
1008 2756 1047 2816 ad
1070 2753 1289 2817 similitudines

96 2863 245 2927 modoad
263 2864 462 2947 metaphoras
478 2885 514 2928 ac
531 2863 699 2950 allegorias
721 2865 888 2942 accedunt,
914 2868 1009 2946 prout
1036 2863 1184 2926 indicium
1201 2883 1288 2926 com·

93 2958 273 3056 parationis
289 2978 343 3037 aut
358 2974 555 3038 manifestum
572 2979 632 3054 est,
648 2979 702 3037 aut
717 2973 871 3037 reticetur
886 2969 930 3055 ⁹).

187 3083 315 3162 Restat,
337 3088 372 3147 ut
393 3103 589 3166 moneamus,
613 3083 645 3146 in
671 3083 759 3146 hisce
785 3079 912 3166 figurati
939 3082 1093 3146 sermonis
1118 3081 1287 3166 generibus

95 3189 179 3279 haud
194 3211 267 3254 raro
284 3191 382 3254 multa
398 3211 467 3254 esse
483 3191 616 3254 admixta
624 3239 634 3274 ,
652 3211 730 3274 quae
747 3211 808 3253 non
825 3191 863 3252 ad
880 3209 1006 3252 sensum
1022 3189 1286 3268 constituendum,

95 3299 151 3362 sed
168 3303 288 3364 tantum
304 3301 343 3364 ad
359 3301 523 3386 imaginem
545 3299 728 3363 viridiorem
744 3297 937 3362 efficiendam
962 3303 994 3363 et
1016 3299 1221 3361 exornandam
1237 3296 1287 3361 sa-

95 3409 193 3486 ciunt,
210 3409 242 3471 in
259 3385 371 3494 quibus
387 3413 556 3494 propterea
571 3431 630 3472 nec
647 3407 814 3491 peculiaris
832 3428 942 3471 sensus
959 3407 1153 3492 quaerendus
1166 3410 1216 3470 est
1228 3402 1284 3494 ¹⁰).

121 3534 146 3600 ¹)
165 3539 289 3598 Exempla
308 3540 470 3586 diversarum
498 3540 651 3598 imaginum,
674 3537 765 3598 quibus
792 3551 815 3585 s.
841 3537 975 3598 Scriptura
1006 3537 1132 3594 abundat,
1159 3537 1236 3598 huius
1255 3540 1286 3585 st

165 3629 279 3690 proxima
298 3631 459 3690 sequentium
477 3631 519 3690 ss.
539 3634 616 3676 notae
635 3630 742 3688 plurima
760 3629 891 3677 exhibant.

122 3713 152 3786 ²)
172 3720 304 3780 Ejusmodi
322 3724 398 3782 sunt,
418 3721 492 3768 Cant.
511 3721 560 3781 lv,
581 3723 608 3768 2.
628 3722 727 3769 Dentes
747 3721 787 3768 tui
804 3721 876 3770 siout
891 3732 988 3782 qrsqes
1010 3723 1150 3768 tonsarum
1163 3716 1285 3783 (sotumi,

166 3823 234 3872 quae
263 3813 444 3859 ascenderunt
463 3814 495 3859 de
514 3814 643 3871 lauacro,
663 3825 754 3860 omues
773 3811 895 3874 gemellis
913 3810 1041 3874 foetidus,
1063 3811 1210 3859 steteritis
1230 3825 1285 3858 uass

168 3904 210 3948 eat
228 3901 312 3970 iuter¹
325 3914 380 3950 eas.
410 3901 484 3949 Ocni.
505 3902 567 3950 ibid.
592 3901 638 3963 vt,
662 3901 688 3949 5.
707 3902 791 3949 Sirac-
812 3902 897 3950 xxiv.
921 3904 963 3948 17.
984 3914 1041 3962 sqq.
1068 3904 1146 3950 notae
1165 3901 1284 3961 imaginis

167 3991 310 4050 sapientiae
332 3994 504 4039 cumulantur.
532 3993 560 4039 ln
581 3991 611 4038 N.
631 3992 661 4038 Τ.
681 3991 760 4050 apoc.
780 3992 854 4038 livii.
880 3994 906 4038 et
929 3992 1016 4060 xviii.
1043 3991 1103 4039 itam
1121 3992 1183 4039 xlii.
1210 4003 1286 4039 casus

165 4080 302 4138 Babylonis
323 4083 349 4128 et
367 4093 435 4127 nora
453 4081 630 4140 Hierosolyma
648 4081 807 4140 elegantibus
827 4080 980 4140 imaginibus
1000 4083 1114 4128 minutim
1131 4082 1279 4128 describun·

87 4190 93 4196 ·
169 4173 221 4224 tur,
241 4181 348 4230 quarum
375 4173 448 4230 prior
478 4171 612 4218 interitum
639 4173 772 4231 potentiae
799 4167 974 4230 idololatrias,
1002 4173 1136 4232 posterior
1160 4172 1284 4219 beatissi-

164 4271 230 4307 mam
249 4264 347 4309 sortem
365 4262 489 4308 honarum
507 4266 569 4322 post
586 4263 804 4310 resurrectionem
822 4261 993 4309 universatem
1012 4263 1137 4322 depingit.

118 4344 146 4412 ³)
167 4353 207 4398 lta
225 4351 353 4400 vaticiniis
374 4353 447 4412 quasi
465 4352 587 4400 unitam
606 4357 661 4412 est,
682 4363 786 4412 magnas
805 4354 928 4412 quasdam
946 4353 1100 4400 mutationes
1122 4355 1148 4401 st
1166 4350 1284 4400 lasoiitoa

164 4446 273 4490 eventus
293 4443 436 4502 exprimere
455 4455 505 4501 per
523 4442 729 4490 obscurationem
748 4443 814 4489 solis
833 4447 861 4492 st
878 4445 968 4500 lonae,
988 4444 1147 4504 perlapsum
1162 4442 1283 4500 siderum,

163 4533 251 4580 tarrae
270 4536 355 4580 motus
373 4536 425 4579 ete.
445 4531 501 4580 las.
520 4531 626 4589 mlv,
645 4534 672 4580 t.
703 4533 739 4579 Et
761 4533 881 4581 tadsseet
906 4532 991 4581 amaia
1016 4532 1113 4582 militis
1136 4532 1282 4591 saetarum,

93 4607 99 4615 ⁸
165 4627 193 4671 et
211 4623 452 4688 complantamur
477 4624 548 4674 siout
571 4623 640 4674 libes·
666 4624 749 4686 coel,
778 4627 805 4672 el
832 4622 916 4673 amau
937 4623 1034 4673 milido
1054 4635 1145 4672 eoram
1167 4620 1280 4682 (sidera)
