3120 5294
1292 485 1344 562 55

220 667 274 712 tum
292 661 392 720 differt,
418 667 552 724 acceptum
575 662 727 721 reienmusq
755 673 812 710 cum
831 676 894 710 vero
914 675 965 712 non
982 664 1034 712 rite
1053 665 1146 714 mistel
1163 668 1340 724 temperatum,

220 755 335 814 gravium
354 755 450 802 exstitit
468 766 546 800 causa
564 765 693 799 errorum.
729 751 829 800 iiterdm
847 755 873 798 in
892 755 1058 801 conterendis
1087 755 1206 802 disiectis
1227 755 1342 804 childol-

220 857 276 891 cam
293 846 368 903 plane
387 845 512 904 neglexit,
542 843 669 890 arabicam
687 854 752 890 vero
770 844 834 888 adeo
854 843 995 904 adamavit,
1025 847 1054 892 ut
1073 857 1129 892 eam
1147 844 1223 892 etlam
1242 845 1344 903 linguae

220 935 359 982 hebraicae
384 937 569 994 praeponeret,
598 937 624 982 et
647 935 745 993 possim
769 933 902 980 vocabulis
928 933 1057 982 hebraicis
1076 935 1147 982 nulia¹
1163 939 1297 982 contextus
1318 939 1344 982 et

220 1027 325 1086 proprii
352 1037 417 1073 usne
443 1024 558 1072 hebraici
582 1026 682 1072 radone
708 1023 796 1072 babila
819 1022 1024 1082 significationes
1043 1025 1162 1074 erebices
1181 1026 1343 1086 obtruderet,

221 1129 274 1178 quo
291 1119 386 1165 laetum
404 1121 460 1174 est,
478 1121 508 1165 ut
525 1118 650 1178 plurimae
669 1120 775 1164 coactae
794 1127 825 1162 ae
843 1117 919 1176 longe
938 1119 1088 1176 quaesitae,
1106 1117 1274 1176 amoenae,
1293 1119 1343 1164 imo

219 1211 249 1258 et
266 1217 376 1268 prorsus
393 1211 497 1268 ineptae
512 1209 694 1267 explicationes
713 1208 857 1267 prodirent.
887 1208 999 1256 lirrores
1017 1209 1135 1269 magistri
1154 1208 1241 1266 plures
1261 1209 1342 1256 disci-

220 1300 340 1359 pnlorum
358 1301 440 1347 adhuc
458 1301 548 1348 mirum
567 1300 594 1344 in
612 1299 713 1346 modum
733 1300 870 1348 auxerunt.

275 1406 370 1456 Nostra
388 1411 473 1456 aetate
491 1411 645 1456 exstiterunt
664 1407 746 1456 euti.
759 1405 943 1468 Geseulus,
963 1408 1059 1454 ilenr.
1072 1407 1180 1454 limald
1200 1409 1343 1455 etllerm.

203 1497 378 1557 ·liupield‚
395 1507 516 1559 'quorum
534 1485 644 1558 primum
665 1498 780 1547 scholae
799 1498 959 1562 empiricos,
986 1500 1094 1544 alterum
1111 1499 1256 1546 rationalia
1281 1511 1344 1544 auc·

220 1591 303 1634 torem
329 1589 431 1649 dieunt,
458 1591 552 1636 tertius
578 1589 715 1637 historicis
735 1589 789 1636 suls
808 1589 1034 1648 disquisitionibus
1055 1589 1086 1634 de
1105 1589 1193 1647 lingua
1212 1591 1238 1634 et
1258 1591 1343 1646 scrip·

220 1682 282 1726 tura
298 1679 417 1727 hebraica
434 1681 561 1728 institutis
579 1682 671 1728 merito
690 1681 723 1727 ils
742 1681 938 1734 adnumeratur,
969 1679 1012 1739 qul
1032 1681 1064 1726 ds
1082 1679 1190 1738 linguae
1208 1679 1345 1725 hebraicae

222 1771 308 1817 studio
332 1773 465 1830 praeclare
493 1773 582 1818 meriti
608 1773 685 1832 suot,
715 1783 762 1818 nec
790 1783 842 1818 non
870 1771 964 1817 mellus
983 1771 1143 1829 aliquatenus
1163 1769 1345 1828 subsidiorum,

223 1875 289 1922 quae
306 1865 442 1920 prostant,
461 1865 688 1922 temperamentum
707 1865 905 1917 consectantes,
927 1861 1041 1920 quamvis
1061 1859 1178 1906 arabicae
1198 1859 1301 1906 dialecti
1319 1862 1346 1906 in

223 1951 384 2012 dispendium
419 1957 578 2000 caeterarum
610 1953 754 2012 linguarum
785 1951 866 1998 adhuc
902 1949 1111 1998 observantiores
1141 1953 1168 1996 et
1198 1951 1345 1996 traditionis

222 2043 423 2102 negligentiores
442 2045 614 2102 reperiuntur.

278 2151 439 2198 Gesenius
458 2153 590 2210 imprimis,
610 2151 673 2198 licet
683 2151 709 2197 ln
719 2150 834 2210 copiosis
850 2147 934 2208 ipsius
950 2149 1055 2206 scriptis
1069 2148 1231 2207 philologieis
1243 2149 1343 2194 metho-

225 2241 283 2288 dum
294 2245 452 2304 empiricam,
466 2245 507 2289 cui
518 2244 570 2302 jam
582 2241 765 2290 severinus
781 2241 880 2288 Vates
898 2239 1014 2286 nonnihil
1025 2241 1137 2300 studuit,
1153 2240 1345 2299 praevalentem

225 2333 384 2392 conspicias,
398 2334 586 2393 grammaticam
603 2337 688 2381 umen
704 2331 856 2395 planissime
874 2331 1010 2390 explicuit,
1031 2331 1104 2389 cujus
1124 2343 1197 2376 usum
1213 2329 1344 2387 copiosis·

228 2423 321 2469 simum
340 2427 366 2470 et
381 2437 477 2470 summe
495 2424 637 2484 proficuum
657 2437 688 2469 ex
706 2424 774 2470 serie
792 2424 837 2470 illa
861 2421 1011 2477 editionum,
1033 2434 1083 2480 qua
1099 2421 1229 2480 inclaruit,
1247 2419 1344 2465 intelli-

224 2525 287 2572 gere
311 2514 389 2570 licet,
405 2515 430 2560 in
449 2515 643 2574 lexicographis
657 2514 758 2574 primus
777 2513 961 2560 exorbitantem
980 2509 1108 2557 Arabismi
1132 2525 1205 2556 usum
1233 2522 1342 2569 praece·

226 2603 311 2648 dentis
329 2603 420 2650 aetatis
439 2605 471 2649 ed
486 2605 574 2664 justos
593 2604 687 2650 limites
706 2615 829 2650 revocare
848 2587 969 2658 constes,
988 2601 1100 2648 sobriam
1118 2601 1261 2660 linguosum
1279 2613 1342 2658 eog-

224 2695 341 2739 naterum
363 2695 527 2741 collationem
552 2695 658 2741 invexit.
686 2695 719 2740 iit
738 2693 852 2754 quemvis
880 2693 1027 2738 traditionis
1050 2691 1147 2750 justam
1174 2691 1300 2737 rationem
1318 2692 1344 2736 io

227 2779 362 2843 prioribus
378 2787 468 2832 saltem
488 2786 596 2843 scriptis
614 2798 665 2832 oon
683 2785 832 2844 habuisset,
857 2798 888 2830 ex
904 2783 980 2830 libris
998 2783 1167 2841 grammaticis
1187 2782 1343 2828 iudaeorum

226 2877 312 2921 tamen
332 2875 411 2920 multa
426 2888 517 2934 magna
533 2888 590 2922 eum
608 2877 716 2922 utilitate
733 2878 758 2921 in
776 2888 830 2921 rem
844 2887 915 2920 suam
931 2875 1071 2930 convertit;
1092 2873 1210 2930 inprimis
1228 2858 1290 2917 vero
1310 2872 1344 2924 id,

224 2967 294 3025 quod
309 2967 335 3011 in
349 2966 541 3026 lexicographia
555 2967 670 3013 semiticu
686 2966 777 3012 summi
790 2969 832 3012 est
848 2965 976 3018 momenti,
996 2963 1163 3021 etymologiae
1180 2967 1206 3008 et
1220 2963 1344 3020 etymolo-

224 3056 289 3114 gicis
310 3056 512 3102 derivationibus
530 3056 642 3104 studium
661 3069 734 3102 suum
751 3055 926 3102 consecravit·

281 3146 442 3200 ewaldus,
459 3147 564 3192 scholae
580 3146 716 3203 empiricae
731 3146 817 3204 gravis
829 3146 1002 3198 sdversarius,
1018 3143 1149 3189 literarum
1165 3141 1343 3187 hebraicarum

225 3237 336 3283 studium
355 3250 386 3283 eo
401 3239 536 3296 plurimum
553 3238 692 3296 promovit,
713 3238 782 3296 quod
798 3237 897 3294 primus
918 3236 1107 3294 grammaticum
1122 3233 1281 3290 hebraicam,
1302 3231 1341 3276 le-

224 3329 299 3386 gibus
316 3328 372 3387 eJus
391 3342 422 3375 ex
436 3333 529 3374 natura
544 3329 645 3386 linguae
666 3329 785 3374 studiose
801 3327 924 3386 inquisite
939 3325 1075 3381 derivatis,
1097 3327 1206 3369 scientie
1223 3334 1340 3380 compre-

224 3419 322 3466 hendit.
341 3419 389 3464 Ast
411 3420 469 3477 quia
488 3420 628 3466 traditione
644 3419 793 3476 synagogali
809 3417 927 3475 neglecta
944 3416 1084 3473 missisque
1100 3415 1143 3474 iis,
1162 3427 1227 3474 quoe
1240 3418 1341 3458 veteres

225 3507 407 3566 elaborarunt,
427 3508 536 3567 linguam
558 3509 721 3566 potissimum
739 3521 769 3554 ex
785 3509 939 3565 semetipsa,
957 3507 1014 3552 solo
1036 3503 1144 3550 rationis
1160 3503 1252 3548 iumine
1269 3501 1342 3548 edhi-

228 3597 302 3660 bito,
330 3599 458 3657 explicare
480 3602 604 3659 conatur,
628 3600 654 3644 ln
682 3612 712 3645 re
731 3598 855 3646 historica
876 3597 1055 3658 philosophiae
1077 3595 1180 3641 nimium
1202 3593 1342 3639 indulsisse

227 3691 351 3748 carpitur.

279 3780 323 3826 ilu
331 3794 346 3838 p
354 3779 480 3826 ieldlus
494 3780 595 3826 tandem
605 3779 786 3838 comparationi
797 3781 938 3838 linguarum
946 3778 1067 3838 mejerern
1076 3775 1151 3830 idern
1159 3775 1341 3821 conciliaturus

224 3870 365 3914 doctrinam
384 3869 415 3914 do
432 3869 515 3915 literis
534 3882 671 3928 earumque
688 3869 758 3915 sonis
777 3869 924 3928 diligentius
945 3867 1090 3925 disquisivit
1117 3865 1155 3923 (in
1171 3864 1341 3909 Exercitatio·

127 3953 132 3960 ’
225 3960 299 4005 nibus
315 3959 507 4020 Aethiopicis),
528 3963 554 4005 et
574 3959 704 4006 laboribus
725 3963 777 4005 tum
802 3959 945 4004 Neumanni
966 3961 992 4002 et
1019 3953 1160 4002 boescheri
1177 3959 1231 4000 tum
1246 3953 1338 3999 Schul-

224 4051 302 4098 tensii
315 4051 365 4098 rite
384 4051 531 4108 ponderatis
551 4063 581 4096 se
600 4051 741 4097 aestimatis
761 4050 944 4112 jopetr'corum
964 4060 1065 4107 quoque
1082 4047 1226 4104 linguarum
1250 4045 1338 4090 soalo-

225 4141 306 4200 giam,
326 4141 449 4200 religiose
469 4143 572 4187 servata
589 4141 693 4186 dialecti
708 4141 832 4200 cujusque
848 4143 875 4186 et
893 4139 1011 4188 universi
1027 4137 1139 4184 semitici
1155 4136 1257 4194 generis
1277 4147 1340 4192 pro·

225 4231 346 4292 prietate,
365 4232 548 4280 consulendam
564 4244 625 4280 esse
645 4231 837 4290 pronuntiauit
854 4230 886 4278 de
902 4229 1032 4280 radicibus
1049 4231 1133 4274 nmen
1145 4228 1250 4284 prester
1268 4227 1342 4283 plura

225 4333 289 4368 vera
308 4324 384 4380 atque
400 4323 472 4368 utilia
486 4323 562 4370 etiam
576 4323 638 4368 talia
653 4323 800 4382 praecepit,
822 4333 887 4382 quaa
907 4321 990 4367 minus
1007 4317 1077 4364 firma
1103 4319 1128 4362 et
1151 4328 1242 4362 secura
1265 4326 1341 4372 repe-

225 4414 341 4468 riuntur,
364 4387 451 4473 oeque⁴
473 4414 570 4472 omnia,
596 4414 709 4474 quaeda
734 4412 862 4457 literarum
884 4411 1059 4456 hebraicorum
1081 4409 1197 4467 historie,
1216 4409 1299 4451 eetete
1316 4407 1343 4450 et

226 4503 306 4548 torma
321 4503 439 4563 scripsit,
459 4503 622 4562 adprobanda
639 4515 699 4549 esse
715 4501 844 4546 videntur.
866 4501 938 4547 conl.
952 4498 1104 4558 liupield,
1124 4499 1163 4543 lle
1182 4495 1341 4541 emendenda

226 4591 428 4653 lexicographiae
444 4593 575 4640 semiticae
592 4595 692 4640 ratione
714 4592 902 4637 commentatio.
930 4587 1012 4637 herb.
1031 4587 1109 4636 182⁷.
1130 4591 1157 4633 et
1173 4595 1237 4643 quae
1257 4583 1288 4628 ab
1310 4597 1342 4630 eo

228 4686 375 4744 conscripta
395 4685 515 4743 leguntur
533 4685 558 4729 in
577 4695 673 4742 operas
698 4681 806 4730 Studien
832 4681 884 4727 und
902 4679 1038 4738 Kritilren,
1057 4675 1141 4722 Uelvee
1162 4673 1271 4718 'lheorle
1293 4673 1344 4720 und
