3112 5284
243 415 322 490 286

266 597 306 682 a)
330 597 391 659 Per
406 599 553 659 auctores
575 615 601 658 s.
619 591 805 676 scripturae
821 591 1007 676 inspiratos,
1031 592 1114 657 inter
1136 613 1216 676 quos
1234 597 1367 678 primum
1385 594 1430 660 lo·

335 725 404 766 cum
428 707 584 786 occupent
601 702 776 784 scriptores
797 703 834 764 A.
854 701 905 778 E,
930 700 984 785 qui
1007 701 1098 765 nobis
1120 721 1246 766 sensum
1268 705 1429 788 mysticum

334 814 486 896 produnt,
508 811 562 875 nbi
578 830 630 876 res
645 809 750 872 uerbis
768 805 961 894 significatas
984 828 1058 873 esse
1073 810 1224 894 imagines
1239 832 1345 876 rerum
1361 813 1431 876 sub·

333 921 508 1000 limiorum,
531 940 641 1003 nempe
658 917 778 982 Christi
793 915 925 1000 ejusque
948 919 1045 982 sortis
1070 919 1119 982 vel
1146 920 1365 986 institutorum
1385 923 1430 984 in-

334 1035 448 1110 uuunt,
479 1029 555 1094 licet
571 1027 725 1111 ejusmodi
749 1027 891 1090 locorum
918 1045 1030 1092 sensus
1052 1028 1176 1092 nonnisi
1191 1031 1366 1094 accedente
1386 1031 1431 1094 bi-

332 1138 452 1202 storiae
472 1137 667 1224 evangelicas
691 1135 942 1218 comparatione,
967 1154 1047 1220 quae
1061 1137 1188 1220 typicae
1209 1137 1432 1220 praedictionis

333 1251 476 1312 eventum
500 1247 639 1328 exhibet,
672 1245 756 1309 clare
784 1248 996 1330 cognoscatur
1006 1241 1050 1330 ¹).
1078 1245 1261 1329 Sequuntur
1285 1251 1430 1312 auctores

333 1355 372 1418 N.
390 1355 436 1434 E,
462 1355 516 1440 qui
527 1375 588 1418 uon
603 1357 723 1416 tautum
739 1371 863 1417 sensum
879 1353 1045 1436 mysticum
1067 1356 1270 1437 quorumdam
1287 1356 1429 1419 locorum

335 1465 372 1526 A.
392 1464 427 1526 E.
445 1467 653 1544 attestantur,
679 1461 750 1524 dnm
766 1459 816 1523 vel
837 1480 889 1524 res
906 1466 938 1524 et
953 1480 1103 1546 personas
1120 1462 1235 1527 ibidem
1252 1465 1290 1527 ad
1312 1463 1434 1528 literam

332 1567 524 1655 significatas
540 1591 601 1653 qua
615 1575 710 1654 typos
732 1589 837 1632 rerum
862 1575 894 1632 et
909 1589 1113 1653 personarum
1129 1571 1169 1636 N.
1187 1571 1221 1634 E.
1239 1573 1362 1636 diserte
1379 1573 1432 1635 de-

333 1679 452 1742 clarant
465 1677 515 1765 ⁸),
537 1678 586 1741 uel
609 1677 679 1740 illas
706 1677 750 1740 ita
776 1677 950 1760 adducunt,
976 1682 1012 1740 ut
1034 1699 1087 1742 eas
1108 1679 1213 1742 indole
1240 1680 1352 1763 typica
1377 1701 1432 1766 ge·

333 1787 446 1861 norell,
471 1808 562 1872 quam
583 1786 739 1851 institutis
763 1790 796 1849 et
812 1787 973 1850 eventibus
999 1790 1037 1854 A.
1062 1787 1096 1851 E.
1119 1788 1319 1868 adscribunt,
1347 1811 1432 1853 oom-

331 1899 501 1980 prebensas
526 1917 595 1960 esse
618 1895 710 1960 facile
737 1891 960 1982 intelligas⁴),
984 1897 1041 1960 sed
1064 1897 1157 1961 etiam
1173 1897 1267 1961 dictis
1293 1903 1325 1963 et
1341 1899 1433 1962 factis

332 2005 372 2069 N.
391 2004 444 2087 E,
469 2025 547 2089 quae
568 2003 631 2090 ipsi
653 2008 912 2084 commemorant,
937 2009 1064 2087 praeter
1079 2025 1224 2084 sensum,
1253 2005 1308 2091 qui
1328 2007 1433 2070 verbis

331 2113 510 2178 imadiate
526 2111 644 2194 subest,
660 2112 754 2175 alium
766 2112 980 2176 sublimiorem
997 2120 1030 2177 et
1044 2135 1190 2178 arcanum
1207 2115 1385 2180 attribuunt
1393 2111 1432 2200 5).

332 2224 422 2301 Quod
438 2243 514 2286 uero
531 2221 644 2286 attinet
659 2221 750 2284 locos
766 2221 803 2283 A.
821 2221 856 2283 E.
873 2221 905 2284 in
920 2223 960 2286 N.
978 2223 1013 2284 E.
1030 2223 1114 2300 alio,
1139 2245 1230 2308 quam
1257 2225 1312 2308 qui
1327 2225 1432 2288 verbis

330 2331 469 2414 proxime
486 2351 521 2394 ac
545 2329 721 2393 immediate
744 2328 868 2410 subest,
893 2350 987 2394 sensu
1003 2333 1174 2411 adductos,
1199 2331 1329 2396 difficile
1354 2355 1432 2396 non·

332 2459 495 2523 numquam
529 2443 577 2504 est
604 2439 792 2522 dijudicare,
829 2461 899 2502 num
928 2440 976 2504 eis
1005 2461 1114 2505 revera
1140 2462 1250 2506 seusus
1277 2443 1430 2527 mysticus

331 2547 449 2628 subsit,
473 2569 511 2611 an
527 2548 627 2611 solum
651 2547 875 2613 illustrationis
895 2549 944 2612 rel
962 2555 1092 2614 ornatus
1117 2571 1210 2614 cansa
1225 2553 1265 2614 ad
1281 2572 1367 2631 rem,
1391 2554 1429 2615 de

331 2677 392 2739 qua
407 2655 521 2741 agitur,
543 2655 747 2739 applicentur.
795 2656 863 2720 llnc
879 2657 952 2720 loeo
968 2659 1142 2742 generatim
1159 2659 1348 2724 observasse
1365 2660 1428 2724 sui·
1545 2713 1546 2752 ,

327 2761 432 2846 ficiat,
457 2763 608 2846 ejusmodi
627 2765 731 2828 citatis
744 2785 869 2829 sensnm
880 2767 1046 2850 mysticum
1058 2769 1239 2832 necessario
1252 2769 1427 2834 attribuen-
1545 2771 1546 2814 l

328 2875 399 2935 dum
417 2891 506 2951 esse,
532 2893 621 2955 quarn
645 2873 778 2956 primum
795 2873 942 2954 adparet,
972 2880 1122 2939 auctores
1138 2876 1178 2940 N.
1204 2877 1239 2939 E.
1255 2875 1429 2958 inspiratos

328 3001 440 3064 reapse
462 2983 611 3060 eredere,
635 2981 674 3045 iis
703 2979 856 3062 ejusmodi
880 3001 1008 3046 sensum
1032 3003 1103 3049 esse
1130 2983 1321 3067 subjectum,
1348 2988 1430 3070 quod

329 3091 470 3173 inprimis
487 3091 617 3168 obtinet,
634 3089 758 3170 quando
776 3109 863 3154 esua
876 3092 1033 3154 sententia
1048 3092 1213 3174 loquentes
1230 3094 1322 3158 locos
1338 3099 1378 3159 A.
1394 3096 1428 3158 F.

332 3201 438 3262 adres
455 3193 552 3261 novae
569 3196 647 3282 legis
665 3197 911 3280 comprobandas
928 3197 1086 3264 adhibent.

261 3306 299 3394 s)
325 3309 391 3371 Nec
419 3307 519 3368 minus
548 3305 687 3388 Spiritus
715 3325 741 3366 s.
768 3326 826 3388 per
847 3305 1061 3390 Magisterinm
1084 3308 1245 3372 Ecclesiae
1273 3309 1427 3394 loquitur.
1545 3297 1546 3300 Ἴ

330 3416 450 3478 Etenim
473 3414 547 3477 licet
573 3413 716 3476 Ecclesia
744 3413 1035 3496 interpretationem
1062 3417 1257 3500 singulorum
1284 3417 1428 3481 locorum
1545 3437 1546 3496 j

331 3525 493 3610 mysticam
509 3522 619 3586 uullibi
636 3521 795 3586 decisione
812 3524 989 3609 dogmatica
1004 3526 1219 3608 proposuerit,
1237 3547 1300 3590 uou
1319 3529 1430 3592 desunt
1545 3501 1546 3576 l

329 3639 434 3696 tame'n
451 3654 476 3696 s.
495 3632 679 3713 Scripturas
701 3631 780 3713 loci,
812 3652 944 3714 quorum
973 3653 1097 3695 sensnm
1119 3635 1286 3717 mysticum
1311 3637 1430 3700 sivein

331 3740 481 3828 Consiliis
497 3739 597 3802 innuit
610 3733 659 3820 ⁰),
683 3739 748 3802 sive
764 3738 902 3802 inlibris
921 3739 1078 3826 liturgicis
1100 3747 1148 3804 sat
1165 3744 1332 3826 perspicue
1357 3765 1430 3826 pru·

329 3845 447 3910 litetur.
493 3846 643 3930 Equidem
661 3845 915 3910 dissimulandum
930 3867 992 3910 non
1008 3853 1073 3928 ert,
1096 3849 1128 3911 in
1145 3849 1293 3933 precibus
1311 3857 1344 3914 et
1361 3853 1431 3915 riti-

329 3955 386 4018 bus
403 3954 563 4018 Ecclesiae
587 3954 671 4018 diota
692 3956 806 4019 biblica
828 3958 866 4019 ad
884 3953 1238 4043 ornatumet'vigorem
1254 3963 1431 4045 augendum
1545 3993 1546 4000 .

330 4069 362 4128 et
379 4064 417 4126 ad
433 4063 561 4145 pietatis
577 4083 668 4127 sensa
683 4064 798 4128 lortius
815 4064 978 4127 excitanda
994 4066 1249 4147 frequentissime
1266 4067 1312 4131 ita
1329 4069 1430 4132 solnm

330 4172 488 4251 adbiberi,
523 4178 558 4236 ut
585 4193 647 4236 non
676 4173 736 4235 nisi
763 4193 878 4238 meram
905 4175 1225 4239 accommodationem
1254 4177 1429 4241 exhibeant.

328 4280 461 4364 Saepius
487 4286 591 4346 tamen
617 4281 711 4345 aliter
735 4303 787 4346 res
813 4282 973 4346 sehabet.
1021 4281 1100 4346 Nam
1123 4284 1151 4347 si
1173 4291 1304 4349 eventus
1327 4293 1361 4350 et
1382 4288 1430 4350 in·

329 4391 441 4454 stituta
463 4391 501 4452 A.
527 4390 572 4472 E,
597 4410 677 4472 quae
701 4411 769 4454 oum
797 4391 892 4454 rebus
915 4391 954 4456 N.
976 4390 1010 4454 E.
1034 4391 1223 4477 singularem
1248 4394 1431 4458 similitudi·

329 4519 397 4562 nem
414 4497 643 4580 praeseferunt,
665 4501 697 4560 et
714 4496 781 4579 ejus
797 4499 923 4584 generis
940 4503 1030 4578 sunt,
1046 4504 1081 4562 ut
1098 4519 1205 4564 eorum
1222 4503 1308 4566 ratio
1324 4507 1430 4588 typica

328 4605 492 4670 manifesta
508 4606 559 4689 sit,
584 4606 622 4668 ab
639 4605 781 4669 Ecclesia
794 4606 883 4689 quasi
907 4607 1012 4670 studio
1037 4627 1073 4668 ae
1096 4607 1215 4671 diserte
1232 4631 1295 4692 qua
1311 4609 1427 4696 figurae
