3118 5282
1272 369 1349 450 3's5

253 558 382 622 Praetor
398 555 580 620 Taimndem
593 562 625 620 et
637 555 804 620 Cahhalam
821 564 892 622 snut
904 557 1033 622 iudaeis
1047 557 1138 621 eliam
1153 557 1240 619 inniti
1254 559 1349 624 Com·

159 669 317 732 montorii
338 667 463 746 biblici,
487 665 635 752 quitum
657 686 675 728 a
703 665 828 730 saecnio
845 666 897 730 Xi.
921 687 1020 750 nsque
1044 667 1082 730 nd
1097 666 1254 730 saeculum
1270 665 1350 730 ilvl.

161 775 365 857 prodierunt,
389 794 448 838 noc
463 774 531 838 sine
547 774 638 840 laude
653 773 757 838 Rihiia
772 775 886 857 partim
902 775 1074 840 literaiiter
1089 775 1201 860 partim
1217 774 1351 857 mystico

163 887 391 964 exposuerunt,
415 886 448 947 et
463 883 501 946 ad
517 882 678 946 meliorem
697 883 988 967 interpretationem
1006 885 1097 948 ctiam
1114 884 1198 946 inter
1214 882 1351 947 Christi-

159 1010 238 1056 anos
251 990 498 1079 contulerunti),
509 991 585 1055 iicet
600 991 648 1055 rei
664 991 853 1054 christianae
868 993 936 1056 iere
953 1013 1059 1056 omnes
1071 991 1133 1055 sint
1146 990 1345 1054 insensiores.

190 1150 214 1216 ¹)
233 1157 272 1204 De
290 1158 384 1216 ineptis
404 1160 430 1204 et
448 1157 563 1204 ridicnils
583 1157 820 1217 interpretamentis
841 1158 1041 1206 'ialmndicorum
1060 1159 1135 1218 plura
1153 1158 1231 1206 babet
1249 1157 1349 1204 boeh-

234 1248 306 1302 nia,
324 1247 509 1294 iiormenantlin
529 1249 582 1294 und
600 1247 701 1307 iiritik,
721 1260 781 1308 pag.
803 1249 957 1295 iio-tiz·

188 1329 214 1400 5²)
234 1339 282 1396 Qui
301 1339 333 1386 dc
352 1337 469 1386 cultata
488 1338 563 1396 pinra
581 1339 651 1386 scire
673 1339 757 1400 copta,
776 1340 852 1386 adeat
871 1339 957 1386 dixti
976 1339 1143 1386 Senensis
1163 1339 1350 1385 bibliothecam

233 1433 361 1489 sancum,
390 1429 445 1478 bib.
474 1429 518 1476 ΙΙΙ.
557 1430 688 1490 originem
708 1431 926 1490 interpretationis
953 1431 1134 1478 cabbaiisticae
1157 1441 1172 1474 a
1196 1429 1301 1476 Daniele
1321 1429 1350 1480 v.

234 1519 277 1564 25.
297 1519 464 1566 derivandam
480 1532 540 1567 osse
558 1520 662 1576 volunt,
683 1506 745 1569 iicet
759 1523 827 1567 inter
842 1521 1027 1581 expositionem
1046 1519 1121 1580 bojns
1139 1519 1191 1564 ioci
1207 1532 1222 1564 a
1245 1521 1351 1566 Daniele

232 1609 326 1656 lacum
344 1613 371 1657 et
389 1611 457 1657 inter
475 1611 705 1670 interpretationes
722 1611 906 1658 caiiatlaticos
922 1612 1078 1658 ludaeorum
1095 1609 1250 1669 posterioris
1275 1613 1349 1655 aeta-

233 1699 268 1746 tis
296 1699 323 1746 id
348 1701 507 1750 discriminis
537 1703 700 1762 intercedat,
728 1703 797 1761 qnod
815 1701 943 1760 Propheta
967 1711 1044 1747 voces
1071 1699 1097 1745 ln
1122 1699 1220 1758 pariete
1239 1699 1348 1756 scriptas

233 1789 319 1835 divina
336 1791 495 1839 revelatione
513 1791 661 1839 illustratus
681 1791 845 1850 exposuerit,
874 1790 1037 1850 posteriores
1065 1791 1157 1836 contra
1175 1790 1284 1849 proprio
1308 1790 1349 1834 in-

233 1879 310 1936 sanio
333 1879 497 1940 indulgentes
522 1881 620 1932 similes
646 1883 822 1940 expositiones
854 1881 933 1928 edera
958 1883 1093 1928 conentur.
1140 1877 1266 1928 Dabbaiae
1294 1883 1348 1926 tres

233 1969 336 2026 speeies
364 1970 542 2032 distinguunt,
567 1973 787 2030 traditiosacicm,
817 1972 988 2035 artificialem
1010 1975 1037 2019 et
1053 1971 1214 2034 practicam.
1252 1969 1347 2024 Prima,

233 2061 294 2118 qnia
320 2061 345 2106 in
366 2065 505 2120 systemate
529 2064 675 2123 theologico
702 2064 873 2120 ludaeorum,
903 2063 971 2122 quod
995 2061 1186 2120 complectitor,
1215 2061 1348 2107 doctrinas

232 2151 375 2198 catholicas
395 2153 520 2214 continet,
541 2155 652 2214 genuina
670 2167 730 2203 assa
748 2157 791 2202 vix
808 2158 904 2216 potest.
943 2155 1033 2200 altars
1056 2151 1179 2209 mysteria
1197 2165 1212 2199 e
1229 2152 1346 2206 vocibus,

234 2241 351 2298 syllable,
371 2244 472 2303 literis,
492 2243 544 2291 lma
563 2249 590 2292 et
606 2245 754 2293 accentibus
776 2257 868 2293 cruere
888 2248 1003 2292 conatur.
1041 2241 1085 2289 Sic
1108 2255 1131 2289 e.
1152 2253 1178 2301 g.
1198 2243 1217 2288 i.
1236 2241 1299 2300 hog·
1315 2243 1348 2299 ll,

232 2330 258 2377 8.
276 2331 303 2376 in
323 2343 387 2380 roco
413 2335 504 2408 1¹13th
524 2349 539 2382 e
560 2335 669 2396 singulis
693 2335 780 2383 literis
798 2335 912 2395 singulas
926 2333 1135 2392 maledictiones,
1155 2332 1246 2392 quibua
1264 2330 1348 2378 Semel

232 2421 355 2470 Davidem
368 2427 411 2480 est
423 2429 596 2482 prosecutus,
611 2429 720 2486 petunt,
736 2425 863 2486 lingentes
874 2439 906 2473 ax
917 2425 956 2473 eia
968 2435 1062 2471 voces:
1082 2421 1165 2486 [litto
1179 2420 1263 2495 :itini
1277 2417 1346 2487 biti·

233 2510 430 2588 ligiltitstt'tss,
453 2514 490 2562 lta
515 2519 545 2563 ut
569 2516 682 2566 Derides
705 2519 790 2566 dletna
815 2519 866 2565 sita
893 2517 1013 2575 adulter,
1041 2513 1177 2570 dioclite,
1203 2513 1347 2572 homicida,

234 2605 359 2664 leprosas
378 2608 404 2650 at
423 2606 596 2654 abominantis.
617 2606 669 2654 Sed
687 2609 745 2668 quia
764 2620 816 2654 nou
834 2607 920 2665 videt,
939 2607 1000 2653 tatia
1018 2617 1070 2651 non
1087 2617 1165 2663 ease,
1183 2605 1235 2650 nisi
1250 2616 1346 2650 merum

231 2693 382 2753 phantasiae
398 2695 497 2742 insumi
517 2695 635 2744 Praetica
653 2698 764 2753 dicitur,
781 2711 848 2758 qnae
864 2698 891 2744 in
909 2696 1004 2743 morbis
1019 2695 1141 2742 tollendis
1161 2700 1188 2742 ct
1207 2695 1264 2741 allia
1275 2696 1346 2740 miris

230 2784 363 2844 patrandis
378 2789 529 2844 occupatur.
556 2785 692 2833 caetorum
710 2787 821 2835 cabbaia
838 2789 912 2846 plura
929 2786 1107 2846 complectitur
1126 2796 1223 2844 opera,
1242 2797 1348 2843 qnorum

230 2876 369 2935 praecipue
387 2876 580 2922 commemorari
593 2879 707 2923 meretur
724 2875 790 2923 iiber
804 2874 894 2923 Sohar
909 2868 979 2949 (titii
992 2872 1150 2938 splendor),
1166 2886 1240 2932 quem
1253 2874 1345 2920 iudaei

230 2965 328 3026 meque
346 2969 496 3026 argumento
514 2969 555 3014 sat
573 2964 646 3013 firmo
665 2967 844 3026 perantiquum
864 2968 968 3014 iaciunt

185 3047 210 3120 ⁸)
230 3055 345 3102 ideiioris
362 3059 441 3103 notae
458 3057 614 3118 interpretes
633 3057 726 3104 ludaei
742 3060 818 3104 sunt:

284 3145 506 3201 Abeo-ilsra,
527 3148 675 3207 hispanus,
696 3150 738 3208 qui
754 3149 825 3196 circa
843 3149 950 3194 medinm
973 3147 1101 3194 saeculum
1119 3147 1173 3192 xit.
1195 3145 1299 3195 florens.
1321 3144 1345 3188 in

229 3237 443 3294 Pentateuchnm,
462 3237 607 3296 Prophetas
627 3241 654 3284 et
672 3239 740 3284 aiios
758 3239 839 3285 libros
856 3239 936 3285 edidit
956 3239 1173 3294 commentarios,
1194 3233 1226 3280 ob
1239 3245 1346 3279 accura-

134 3389 136 3393 .
228 3330 281 3373 tam
299 3327 400 3388 bagnae
422 3326 556 3374 hebraicae
575 3329 762 3391 cognitionem,
783 3331 874 3377 miram
898 3331 924 3376 in
944 3341 1022 3376 sensu
1041 3328 1153 3374 eruendo
1170 3325 1345 3384 sagacitatem,

227 3429 377 3477 sanaeque,
397 3430 459 3480 quas
476 3417 503 3464 in
525 3419 687 3478 praelatione
709 3419 735 3468 in
757 3419 956 3466 Pentatencbnm
974 3419 1070 3476 tradit,
1091 3419 1196 3478 regulas
1217 3416 1344 3471 laudatus,

228 3510 291 3556 iicet
307 3509 380 3555 vaide
403 3507 542 3558 obscurus.

280 3599 497 3647 biaimonides
518 3596 643 3662 (Rabiri
662 3600 778 3648 hioaeb
797 3601 861 3648 Ben
881 3599 1045 3658 Maimon),
1064 3599 1297 3658 etiemliispanus.
1318 3601 1346 3643 et

225 3690 341 3749 ejusdem
353 3689 407 3736 iere
421 3701 478 3736 cum
491 3691 580 3750 priore
593 3691 697 3747 aetatis,
717 3692 742 3738 in
756 3701 834 3750 opere
854 3683 933 3764 0⁹th
944 3689 1010 3763 opta
1024 3689 1136 3751 (Doctor
1145 3685 1342 3749 perplexorum)

226 3779 294 3826 dicto
308 3779 468 3827 diiiiciiiimoa
480 3779 630 3839 scripturae
643 3781 715 3828 iocos
734 3781 852 3841 expedit,
872 3783 914 3829 cui
925 3787 1008 3829 mmcn
1025 3795 1056 3828 ex
1068 3781 1214 3827 Aristotele
1235 3777 1343 3826 subtiles

226 3871 346 3918 notiones
365 3873 554 3935 metaphysicas
575 3873 663 3920 iniert.
692 3871 755 3921 Dum
776 3873 941 3920 traditionem
959 3874 1052 3921 tollere
1069 3874 1212 3925 videretur,
1233 3871 1342 3930 primum

225 3963 399 4021 vituperatus,
428 3968 521 4021 postea
538 3975 600 4010 vero
620 3965 689 4011 iuter
709 3965 824 4011 iudaeos
849 3977 962 4022 magnam
985 3963 1160 4011 celebritatem
1182 3965 1271 4006 nactus
1293 3962 1343 4004 est.

280 4051 309 4098 it.
328 4051 473 4100 Derides
499 4051 640 4111 iiimchi‚
670 4053 772 4111 Gallus,
800 4054 830 4100 ab
851 4054 923 4100 initio
943 4053 1038 4100 saeculi
1063 4053 1129 4098 xiii.
1157 4053 1182 4096 in
1202 4048 1344 4096 subsidium

226 4145 319 4188 vocata
337 4143 412 4189 etiam
430 4142 541 4190 dialecto
559 4145 665 4191 arabica
684 4143 847 4202 scripturam
866 4144 1003 4190 literaliter
1021 4143 1157 4202 exposuit,
1183 4138 1343 4187 solarrnmodo

215 4208 257 4280 'oh
276 4231 433 4280 subtilitates
452 4233 631 4292 grammaticas
649 4235 831 4292 reprehensus.
870 4233 931 4292 Djns
952 4231 1135 4281 commentarii
1155 4229 1259 4286 saepius
1280 4228 1343 4284 editi

226 4323 297 4367 aunt.
329 4321 421 4369 Versio
440 4323 521 4369 latina
541 4322 723 4369 commentarii
743 4323 769 4368 in
782 4323 898 4370 Psalmos
918 4324 988 4371 curia
1008 4319 1177 4369 Ambrosii
1196 4317 1343 4376 lanvier,

226 4411 386 4459 Benedicitur
405 4425 436 4458 ex
448 4412 656 4472 cooperatione
674 4427 697 4460 s.
718 4411 798 4460 biauri
823 4413 918 4470 prodiit
936 4413 1049 4460 Parisiis
1072 4413 1156 4468 tibin
1176 4408 1342 4455 commenta-

227 4502 293 4564 rium
312 4503 338 4548 in
357 4499 486 4562 icaaiam,
513 4501 670 4549 translatum
690 4505 716 4549 in
741 4513 886 4550 sermonem
919 4505 1024 4550 latinum
1055 4503 1184 4566 caesa-r
1208 4496 1341 4542 itiaiani-

224 4603 312 4640 meus
331 4593 393 4654 typo
412 4593 525 4652 volgavit
545 4592 691 4640 Florentiae
713 4592 790 4638 irat.
