3112 5284
1232 417 1311 492 287

210 619 315 661 rerum
332 595 566 670 sublimiorum,
588 615 666 677 quoe
692 593 721 654 in
749 613 828 655 nova
853 593 964 655 salutis
988 595 1172 657 oeconomia
1189 599 1306 672 extant,

210 707 423 783 adducuntur,
447 707 486 768 de
501 705 586 768 illius
615 708 739 779 mente,
763 703 900 785 typicam
916 701 1051 767 indolem
1073 703 1225 787 ejusmodi
1257 726 1310 768 rc·

210 835 278 877 rum
294 815 490 898 antiquarum
507 810 697 897 agnoscendi
713 810 855 873 dubitare
871 831 932 872 non
948 810 1033 874 licet.
1080 812 1201 890 Quodsi
1225 811 1309 894 ejus·

210 924 293 988 modi
308 923 433 987 indiciis
459 922 491 985 in
507 921 644 986 decretis
666 924 697 983 et
713 918 842 1004 liturgia
869 919 1029 984 Ecclesiae
1046 921 1147 984 obviis
1163 921 1234 1003 plus
1250 923 1309 984 mi-

209 1053 305 1096 nusve
332 1032 448 1095 clarum
472 1027 654 1116 suffragium
678 1028 845 1112 scriptoris
869 1028 1013 1112 inspirati
1034 1035 1088 1094 aut
1110 1050 1239 1115 magnus
1264 1051 1307 1093 ss.

210 1141 337 1204 Petrum
354 1157 525 1203 consensus
541 1137 724 1214 accesserit,
742 1135 900 1200 certitudo
913 1137 995 1200 haud
1006 1157 1114 1220 perum
1127 1136 1311 1223 augeturi).

148 1283 173 1352 ¹)
196 1291 275 1351 liujus
292 1292 396 1350 generis
414 1290 585 1349 interpretes,
605 1290 648 1348 qui
664 1299 770 1334 sensum
787 1289 914 1336 literalem
932 1286 1104 1349 negligerent,
1124 1291 1151 1336 et
1166 1289 1192 1334 in
1206 1290 1313 1336 sectan-

195 1383 234 1430 dis
253 1382 373 1450 sensibus
393 1383 493 1430 arcente
513 1393 611 1428 omnem
631 1381 733 1426 modum
752 1381 925 1436 excederent,
953 1381 1036 1428 inisse
1060 1380 1174 1426 ludaeos
1197 1380 1310 1427 Alexan·

192 1473 292 1532 drinos,
311 1473 452 1532 praecipue
470 1471 659 1530 Philonem,
679 1475 706 1518 et
724 1472 793 1518 11111·
811 1472 971 1532 antiquiores
987 1471 1151 1518 christianos
1171 1471 1309 1530 origenem

192 1565 218 1608 et
227 1563 270 1622 qui
283 1561 339 1622 ejus
355 1565 444 1621 partes
458 1562 544 1608 secuti
556 1563 623 1620 sunt,
643 1561 711 1608 inira
721 1562 746 1606 in
756 1560 865 1608 historia
878 1574 1023 1622 exegeseos
1039 1560 1146 1608 11111111
1156 1565 1310 1620 exponetur.

145 1643 172 1709 ²)
190 1651 312 1712 iixempis
324 1651 399 1712 hujus
418 1653 457 1700 rei
475 1651 533 1698 ride
549 1651 573 1712 ς.
592 1652 711 1711 praeced.
728 1654 789 1698 nota
810 1649 834 1700 1.

147 1734 173 1801 ⁸)
193 1741 247 1788 iluc
263 1744 366 1802 spectat
386 1743 459 1788 locus
476 1740 550 1788 Joan.
568 1741 641 1797 XlX,
661 1743 705 1788 33.
726 1742 771 1789 311.
792 1742 846 1798 „th
863 1743 992 1791 ciderunt
1004 1740 1123 1806 (milites)
1141 1743 1235 1791 Jcaum
1248 1745 1309 1806 jam

192 1832 340 1892 mortuum,
363 1845 418 1879 non
443 1829 589 1894 stapes-unt
615 1832 670 1892 ejice
696 1844 791 1880 eruco·
823 1856 850 1866 -
882 1857 914 1866 -
941 1834 1027 1880 Paeto
1052 1836 1117 1879 sunt
1139 1833 1209 1881 enim
1231 1833 1309 1892 bace,

193 1923 223 1968 ut
243 1919 391 1985 Scriptura
409 1923 586 1985 impleretur:
624 1921 658 1970 0s
685 1935 739 1969 non
762 1921 943 1970 comminuetis
968 1936 1001 1968 ee
1021 1925 1090 1978 eo,·”
1110 1924 1203 1983 quibus
1226 1925 1314 1972 verbis

191 2011 357 2072 scengelius
381 2013 465 2068 dicta,
493 2026 557 2073 quae
584 2025 665 2060 sensu
686 2013 780 2060 literali
804 2016 836 2060 ad
861 2026 952 2072 agnum
978 2015 1132 2073 paschalem
1158 2016 1314 2062 iudaeorum

193 2105 320 2162 spectant,
338 2103 423 2164 typice
439 2105 592 2164 accipienda
620 2107 646 2152 et
659 2104 686 2150 in
702 2102 841 2151 Salvatore
861 2107 963 2152 mortuo
982 2105 1118 2166 adimpleta
1134 2119 1195 2154 esse
1207 2111 1314 2154 asserit.

146 2186 172 2252 ⁴)
193 2193 311 2240 Proiecto
335 2207 413 2254 quum
439 2193 595 2254 spostolus,
624 2198 652 2240 ut
672 2195 795 2241 monitum
817 2197 859 2242 est
898 2195 946 2256 (s.
982 2197 1041 2242 191.
1068 2199 1123 2242 111.
1151 2197 1206 2258 2.),
1231 2197 1313 2256 legem

192 2288 306 2333 remrein
325 2287 465 2345 generatim
492 2287 610 2333 umbram
637 2289 665 2334 et
686 2286 822 2344 imaginem
847 2299 928 2334 novae
948 2287 1013 2345 lepis
1033 2288 1210 2344 declarasset,
1236 2289 1314 2336 111111

194 2374 341 2434 colligitur,
361 2377 404 2436 ei,
423 2389 480 2423 cum
499 2378 518 2422 l.
542 2375 594 2424 (tor
612 2375 644 2429 V,
665 2378 691 2421 7.
712 2377 815 2424 vertile:
835 2377 1020 2438 „Rumpere
1044 2379 1121 2424 ectus
1140 2376 1313 2440 fermentum,

151 2465 157 2470 ”
194 2467 225 2511 ut
240 2463 302 2512 sitis
321 2477 393 2512 noco
412 2465 588 2528 conspersio,
615 2465 687 2513 sicut
706 2466 769 2514 estis
789 2467 887 2528 aapmi.
933 2467 1039 2514 Etenim
1064 2467 1167 2529 poscite
1191 2472 1315 2517 nostrum

198 2554 351 2602 immolestus
379 2557 420 2604 eet
449 2553 608 2610 cbristusss’
635 2558 768 2616 speciatim
795 2559 828 2604 ad
848 2559 924 2605 llxod.
947 2558 1003 2604 xii.
1032 2559 1190 2618 respiceret,
1221 2572 1316 2619 agnum

194 2645 347 2701 paschalem
371 2644 528 2692 ludaeorum
550 2649 638 2704 typum
657 2645 773 2702 christi,
803 2647 863 2707 agni
882 2647 1010 2706 paschalis
1029 2649 1060 2696 N.
1079 2649 1106 2694 ll.
1128 2649 1206 2710 longe
1231 2648 1314 2696 subli-

195 2735 284 2780 mioris
303 2735 400 2788 luisse.
429 2736 490 2782 licet
508 2735 535 2782 id
553 2737 693 2783 manifesto
709 2749 760 2784 non
778 2737 856 2784 dicat.

153 2817 179 2884 ⁵)
199 2825 272 2883 Quod
291 2825 454 2886 scripturam
467 2825 497 2871 N.
512 2825 539 2871 P.
551 2827 652 2885 attinet,
669 2827 809 2885 exemplum
825 2827 1045 2886 interpretationis
1056 2827 1172 2886 ejusdem
1189 2832 1314 2888 mysticus

197 2914 228 2962 ab
239 2920 345 2964 auctore
364 2916 491 2976 inspirato
509 2917 584 2962 datae
600 2915 680 2963 babes
698 2929 777 2976 supra
794 2917 819 2976 ς.
839 2918 899 2964 itii.
918 2920 971 2964 not.
985 2919 1008 2964 t.
1038 2919 1093 2977 Quo
1105 2920 1313 2979 etiamspectare

197 3005 484 3065 videturloan.1llii,
508 3007 550 3052 12.
571 3005 631 3052 coll.
658 3005 744 3062 xviii,
765 3007 790 3052 s.

153 3087 178 3156 ο)
198 3097 323 3156 Quantum
343 3097 524 3156 1101111111,
544 3095 663 3155 synodus
683 3097 830 3143 Tridentino
850 3095 924 3142 Sese.
942 3095 1007 3143 XIV.
1027 3108 1083 3158 cap.
1106 3100 1126 3144 l.
1145 3100 1183 3146 lle
1203 3100 1313 3146 institu-

195 3186 267 3234 tione
288 3186 449 3234 Sacramenti
469 3191 598 3232 extremae
618 3187 745 3232 unctionis
767 3186 874 3232 statutt:
896 3186 1055 3233 Extremum
1079 3188 1232 3235 unctionem
1252 3201 1311 3236 esse

195 3289 261 3323 occe
280 3279 306 3324 ct
321 3278 436 3340 proprie
455 3276 661 3325 Sacramentum
680 3277 711 3323 Ν.
734 3277 764 3324 Τ.
784 3301 817 3311 -
838 3279 909 3338 opud
926 3275 1050 3324 Murcum
1065 3277 1167 3338 quidem
1185 3279 1313 3326 insinue-

197 3369 267 3423 tum‚
287 3381 337 3431 per
356 3369 488 3416 Iacobum
506 3369 594 3416 cutem
610 3367 765 3429 Apostolum
785 3382 817 3414 cc
837 3366 944 3414 Domini
956 3365 1077 3429 fratrem
1092 3367 1213 3429 fidelibus
1234 3383 1308 3415 oom-

196 3459 346 3505 mcndetum
357 3472 390 3505 uo
397 3459 601 3522 promquotum.
617 3457 714 3518 Quibus
725 3459 809 3504 verbis
820 3457 963 3504 Concilium
971 3458 1131 3506 sanationem
1143 3462 1310 3517 aegrotorum

196 3562 245 3608 ope
268 3551 395 3597 unctionis
421 3549 499 3596 illanc.
520 3550 560 3610 Vl,
591 3550 632 3596 13.
652 3552 874 3596 commemoratam
903 3551 970 3596 haud
998 3549 1108 3596 obscure
1128 3563 1178 3609 qus
1197 3551 1313 3610 typicam

196 3639 412 3688 adumbrationem
432 3639 596 3688 sacramenti
618 3642 752 3687 extremae
770 3639 900 3686 unctionis
919 3640 974 3686 Jae.
993 3640 1024 3699 V,
1046 3640 1088 3686 ii.
1109 3640 1315 3699 111111111-

198 3730 278 3790 positi
296 3729 386 3776 innuit.
1250 3797 1251 3800 Ἴ

149 3813 176 3880 τ)
195 3819 326 3879 djusmodi
341 3821 570 3880 interpretationes
589 3821 712 3878 mysticae
732 3820 759 3866 in
772 3818 884 3880 titurpiu
901 3818 1043 3867 Ecclesiae
1054 3819 1203 3868 catholicoe
1220 3799 1313 3880 piures

195 3911 437 3972 deprehenduntur,
467 3924 564 3972 paucas
583 3923 801 3959 commemorasse
830 3909 949 3958 sniiiciat.
987 3911 1015 3956 ln
1040 3910 1221 3958 benedictione
1240 3913 1314 3958 cerei

197 4002 324 4060 paschaiis
343 4001 461 4048 canitur:
480 4001 553 4050 liceo
569 4005 633 4050 sunt
653 4003 724 4050 enim
742 4000 816 4064 sesto
834 4000 986 4064 ponebatis,
1007 4000 1035 4048 in
1053 4001 1146 4062 quibus
1165 4014 1247 4050 cerus
1267 4001 1315 4048 iile

197 4103 281 4152 opnus
300 4091 448 4153 occiditur,
469 4093 544 4154 cuiue
563 4093 695 4154 sonpuinc
711 4095 803 4155 poetes
825 4091 942 4154 fidetium
969 4095 1174 4140 consecrantur.
1213 4090 1314 4138 Similia

196 4181 223 4226 in
242 4181 403 4240 prestatione
420 4182 534 4242 paschali
553 4185 704 4229 occurrunt:
739 4181 801 4228 Cum
828 4179 932 4243 poscito
958 4183 1085 4228 nostrum
1102 4181 1255 4229 immolatus
1277 4182 1316 4228 est

200 4269 331 4318 cbristus.
368 4271 430 4334 Ipse
450 4271 518 4318 enim
537 4285 620 4320 cerus
641 4275 683 4319 est
695 4284 800 4331 19111,
823 4271 868 4332 pui
887 4270 1000 4318 obstulit
1015 4272 1129 4334 peecata
1147 4269 1242 4317 mundi
1263 4271 1314 4320 eto.

196 4335 320 4406 Proiecto
338 4361 408 4418 iuter
434 4373 527 4420 agnum
546 4363 692 4420 paschalem
716 4365 742 4406 11
760 4359 879 4406 victimss
907 4362 937 4407 Α.
958 4361 986 4406 P.
1016 4363 1043 4406 et
1062 4360 1131 4406 inter
1148 4355 1315 4416 sacrificium,

197 4451 267 4508 quod
293 4449 411 4497 cbristus
440 4456 521 4498 morte
545 4463 592 4498 sua
616 4451 728 4496 violenta
753 4461 801 4508 pro
828 4451 911 4497 salute
940 4449 1025 4496 mundi
1051 4450 1076 4494 11
1103 4461 1180 4494 cruce
1210 4447 1313 4505 obtulit,

197 4538 338 4585 similitudo
365 4543 416 4586 1111
436 4544 527 4600 aperta
551 4540 702 4597 intercedit,
732 4543 760 4582 ut
779 4538 846 4584 ratio
866 4537 963 4598 figurae
984 4541 1010 4584 11
1029 4536 1134 4596 figurati
1153 4548 1205 4582 non
1226 4539 1315 4594 possit

197 4641 248 4673 non
268 4625 411 4675 observari.
451 4631 616 4689 Quapropter
643 4641 699 4674 cum
722 4627 841 4673 Ecclesia
861 4626 886 4672 in
906 4625 1017 4672 laudatis
1037 4625 1130 4672 ritibus
1152 4625 1219 4670 dictu
1236 4625 1265 4670 Δ.
1286 4628 1315 4673 ii.
