3118 5282
245 413 323 490 826

242 587 337 654 oinles
362 589 509 672 quasdem
526 585 743 668 difficultates,
766 605 846 669 quoe
874 587 959 650 circe
985 607 1080 650 unum
1107 587 1285 653 eltcrumve
1319 590 1433 672 locum,

242 697 291 760 vel
309 696 401 760 etiarn
418 697 503 762 circe
517 696 624 780 plures
641 696 774 779 alicujus
796 696 870 760 libri
892 699 999 759 textus
1015 716 1123 760 eorum
1139 702 1244 762 seinte
1266 699 1436 762 movebun-

243 811 316 885 tur,
338 805 517 868 accuratius
539 804 758 872 discutiebant.
804 803 871 868 llnc
887 804 1128 868 exercitationes
1144 806 1341 891 exegeticee,
1359 827 1435 889 quac

245 915 285 978 cd
306 917 415 978 nostre
438 931 536 996 usquc
558 919 701 1006 temporo
720 912 752 976 in
774 931 833 975 usn
848 919 1105 997 permenserunt,
1128 919 1161 976 et
1174 935 1233 998 pro
1250 915 1437 979 diversitate

242 1022 379 1102 iormne,
414 1041 475 1111 que
500 1025 648 1102 utuntur,
688 1022 778 1086 modo
805 1022 1020 1106 quaestiones,
1056 1024 1147 1086 modo
1180 1023 1437 1102 dissertationes,

246 1131 336 1194 modo
352 1148 501 1193 excursus
517 1134 685 1211 vocentur,
707 1133 835 1214 praeter
850 1130 949 1214 ipsius
964 1131 1012 1194 rei
1027 1131 1208 1211 relietum,
1233 1151 1329 1214 quam
1346 1133 1438 1215 pree·

246 1237 337 1318 bent,
359 1238 500 1322 perium
516 1237 640 1302 scilicet
655 1241 688 1301 et
703 1236 878 1306 difficilium
895 1238 1035 1304 locorum
1051 1257 1176 1304 sensum
1192 1239 1319 1302 erudito
1338 1245 1374 1302 ct
1387 1261 1440 1302 ec·

248 1352 357 1411 curete
372 1351 559 1430 exponentes
577 1353 608 1410 et
623 1347 836 1428 vindicantes,
859 1347 919 1410 hoc
934 1345 1066 1412 iorruele
1090 1367 1213 1430 quoque
1241 1349 1438 1412 commodum

245 1461 429 1550 praestant,
453 1457 536 1543 quod
557 1455 805 1521 hermeneutiots
827 1453 953 1540 regulos
969 1453 1098 1518 uberius
1113 1456 1275 1540 applicare
1292 1457 1439 1521 deceant.

339 1564 384 1628 Ex
400 1583 460 1648 quo
477 1585 584 1629 eurum
598 1561 661 1626 iios
676 1564 770 1628 etism
786 1563 880 1631 incile
894 1563 1102 1648 intelligitur,
1125 1583 1204 1647 queo
1219 1563 1252 1626 in
1273 1563 1344 1626 illis
1368 1587 1440 1629 con-

251 1673 427 1738 scribendis
458 1672 619 1738 observari
647 1670 790 1736 debeant.
836 1671 879 1739 itt
906 1671 1039 1756 primum
1062 1671 1186 1754 quidem
1213 1671 1303 1735 dicto
1324 1672 1441 1736 biblios

250 1780 403 1864 ejusmodi
417 1781 600 1850 tractationi
614 1779 809 1864 subjiciendo
824 1799 862 1844 sx
885 1781 967 1844 omni
982 1785 1072 1864 purte
1094 1784 1281 1864 spectentur
1302 1801 1440 1864 perpen-

249 1891 440 1972 dentnrquc,
462 1893 499 1954 ut
521 1909 581 1974 per
603 1889 762 1970 subsidio,
791 1907 871 1973 queo
893 1887 1027 1952 scientie
1048 1887 1246 1972 suppeditet,
1270 1887 1336 1951 rite
1354 1888 1443 1952 edhi-

248 1999 337 2079 bite,
370 1998 453 2064 omni
479 1995 664 2068 difficultste
690 2019 727 2060 nc
751 1997 944 2068 obscuritete
970 2001 1108 2077 minois,
1130 2001 1239 2060 rectus
1267 2015 1385 2060 sensus
1408 2017 1444 2060 ee

250 2106 366 2172 clarius
394 2112 425 2170 et
453 2107 571 2174 certius
600 2109 820 2193 cognoscetur.
865 2105 947 2170 Dein
972 2105 1081 2192 grevia
1103 2105 1203 2168 solum
1231 2125 1268 2170 ec
1301 2103 1446 2168 difficilis

249 2214 437 2299 specialibus
461 2215 734 2280 dissertationibus
762 2214 988 2295 discutiatur,
1021 2233 1091 2279 cum
1116 2213 1260 2298 proiecto
1291 2213 1387 2278 obvie
1415 2217 1446 2276 et
1542 2243 1543 2302 3

250 2344 310 2418 per
332 2343 367 2385 se
389 2323 480 2407 plene
495 2326 591 2388 docte
612 2324 807 2392 discussione
830 2324 993 2408 expedire,
1021 2324 1148 2408 ineptus
1172 2327 1205 2387 et
1227 2322 1332 2386 innuis
1354 2323 1445 2386 lnbor
1542 2327 1543 2330 ’

254 2436 350 2496 esset.
396 2429 616 2495 Admonitione
639 2431 689 2495 vix
713 2451 793 2516 opus
817 2437 881 2512 cst,
907 2433 1101 2496 commodum
1118 2451 1188 2496 essc
1209 2431 1390 2512 tironibus,
1414 2435 1447 2495 ut

253 2537 387 2622 primum
409 2544 532 2602 sument
557 2543 662 2604 textus
682 2539 844 2606 faciliores
873 2534 1109 2619 dilucidandos,
1134 2538 1246 2622 quibus
1275 2539 1447 2628 diligenter

255 2652 287 2712 et
303 2651 375 2730 epte
392 2645 601 2730 disquirendis
618 2649 660 2715 ed
672 2647 854 2716 difficiliore
869 2670 904 2712 se
919 2653 1107 2733 praeparent
1118 2645 1171 2736 s),

284 2807 313 2886 0)
332 2813 403 2862 inter
417 2815 523 2876 Patres,
543 2816 585 2876 uui
603 2814 775 2874 Quaestioues
795 2819 823 2862 et
843 2815 980 2862 i'rectutue
1003 2815 1181 2874 scripserumt,
1202 2813 1351 2874 praecipue
1369 2827 1444 2861 oom-

326 2905 480 2953 memorsndi
498 2911 574 2954 sunt:
600 2907 762 2955 Eusebius
783 2903 1022 2954 coessreeusis
1047 2903 1074 2949 in
1096 2903 1161 2949 libro
1181 2901 1213 2950 de
1228 2905 1382 2952 nominibus
1400 2906 1439 2951 lo·

325 2997 455 3043 corumlo
474 3011 499 3043 s.
519 2997 654 3056 scripturo
678 3001 949 3052 commemoratorum,
982 2993 1214 3054 hieronymus,
1240 2995 1317 3053 cujus
1347 2995 1440 3040 multoe

327 3085 453 3146 epistolae
469 3087 586 3150 integros
604 3093 728 3137 tractatus
751 3087 783 3134 do
803 3085 996 3148 quscstionihus
1018 3084 1120 3132 biblicis
1140 3083 1287 3144 propositis
1308 3085 1441 3142 exhibent,

328 3177 546 3236 Augustinus,
566 3179 719 3239 praeprimis
736 3180 762 3225 in
780 3177 852 3228 libris
870 3179 969 3236 septem
983 3176 1167 3236 Quaestionum
1186 3175 1214 3220 in
1235 3173 1444 3232 Heptateuchum

329 3267 441 3328 (septem
456 3271 559 3328 priores
573 3267 656 3316 libros
670 3266 700 3315 V.
716 3269 760 3326 F.)
779 3272 806 3316 et
824 3270 850 3315 in
879 3267 954 3316 libris
977 3267 999 3313 ll
1023 3265 1207 3326 Quaestionum
1227 3265 1444 3324 evangelicorum.

329 3357 427 3417 Quibus
454 3360 615 3420 odlunglmus
645 3359 906 3416 theodoretum,
939 3357 965 3403 in
993 3357 1066 3416 culus
1094 3353 1294 3416 quaestionibus
1311 3355 1340 3401 in
1365 3355 1444 3401 libros

327 3449 467 3504 historicos
488 3451 518 3505 V.
543 3451 571 3496 F.
592 3454 677 3505 tenum
698 3451 774 3509 piore
801 3447 1028 3508 deprehenduntur
1057 3445 1142 3505 exigui
1161 3445 1300 3502 momenti,
1331 3449 1360 3492 et
1380 3455 1442 3505 quse

330 3537 363 3585 ed
380 3552 436 3586 rem
454 3541 586 3600 pertinere
599 3554 650 3588 non
665 3541 793 3588 videntur.

381 3629 563 3679 Recentiorum
588 3631 676 3691 plures
698 3631 896 3680 dissertationes
921 3617 1048 3688 speciales
1074 3625 1116 3674 vel
1142 3635 1267 3673 excursus
1292 3625 1442 3684 exegeticus

329 3717 523 3773 commentariis
546 3723 601 3769 suis
626 3723 805 3778 inseruerunt,
834 3721 873 3767 uti
899 3719 1086 3778 Gelmctus,
1106 3715 1402 3763 Bosenmu'uilerius
1420 3718 1446 3762 et

333 3797 494 3884 lioppiupp
524 3809 567 3870 olii
589 3815 715 3879 ejusmodi
742 3813 939 3862 exercitationes
963 3810 1108 3868 exegeticus
1133 3812 1176 3854 out
1193 3808 1220 3854 in
1243 3807 1444 3854 collectionibus

330 3902 498 3960 interpretum
526 3906 554 3951 et
582 3907 807 3951 commentatorum
831 3915 854 3950 s.
875 3899 1054 3962 Scriptorum,
1092 3899 1131 3946 uti
1160 3899 1187 3946 tn
1219 3897 1332 3945 Criticis
1359 3897 1445 3946 suerit

332 3985 404 4040 'loro'⁸
425 3993 471 4052 Vl,
491 3998 536 4042 out
554 3995 580 4042 in
600 3996 704 4055 scriptis
724 3995 873 4056 periodiols,
892 3997 970 4058 etque
987 3989 1191 4051 ephemeridibus
1210 3987 1369 4047 theologicis
1389 4001 1412 4035 e.
1423 3999 1448 4048 g.

328 4087 355 4140 tn
382 4087 450 4144 dnn.
479 4087 586 4148 drint,
617 4087 744 4146 theolog.
764 4084 919 4134 zeitschritt
935 4081 1036 4143 (Ueber
1054 4081 1096 4131 dte
1114 4079 1446 4138 Versuchungsgeschichte

332 4178 395 4225 Jesu
409 4178 495 4224 tisdh
511 4178 560 4240 1v,
582 4179 689 4226 1-11.
726 4177 806 4227 More.
822 4177 849 4234 1,
872 4175 915 4229 12,
939 4175 981 4228 tt.
1020 4174 1083 4228 huc.
1100 4172 1144 4229 lv,
1168 4172 1277 4218 t-te.
1296 4169 1325 4216 v.
1341 4170 1448 4229 Johrgg.

332 4267 396 4316 ’Μ
415 4267 524 4328 papst
547 4281 603 4335 oqg.
624 4267 750 4328 popm
769 4277 830 4330 sqq.
857 4263 944 4314 lieber
960 4265 1002 4312 dic
1018 4261 1150 4310 Stelleli.
1166 4260 1236 4310 Sem.
1252 4259 1315 4315 vti,
1339 4259 1448 4306 t-tr.

329 4360 371 4408 Xl.
388 4360 495 4420 Jshrgg.
514 4358 544 4412 'lt
561 4360 580 4406 1.
597 4372 623 4418 p.
644 4359 696 4408 est
717 4372 774 4424 sqq.
794 4355 860 4418 eto.)
890 4359 918 4404 et
946 4355 974 4404 in
993 4354 1060 4402 Jos.
1079 4353 1193 4413 Picto,
1219 4352 1309 4398 Ncuor
1333 4351 1447 4410 theolog.

329 4451 479 4498 zeitschrift
496 4449 595 4512 (Usbcr
614 4449 689 4500 doen.
704 4451 729 4505 l,
749 4450 793 4500 tt.
813 4439 869 4503 ’'lds¹
887 4441 900 4494 d
917 4439 999 4511 ἀμνὰς
1015 4439 1048 4492 cti
1066 4437 1132 4499 Θεῦ,
1152 4435 1166 4490 d
1189 4435 1274 4509 ἀίρων
1294 4438 1347 4498 τὴν
1365 4434 1448 4507 ἁμαρ-

329 4535 386 4587 τίαν
403 4535 433 4588 et
447 4534 540 4604 κόσμὲι.
559 4541 602 4588 lx.
622 4539 730 4599 Jehrgg.
744 4539 774 4586 Τ.
791 4539 813 4584 l.
832 4541 890 4596 po'g.
909 4535 961 4582 289
976 4529 1056 4601 sqq.)
1076 4533 1267 4592 deposuerunt,
1294 4535 1340 4580 out
1357 4541 1445 4578 mono·

335 4634 465 4703 grppbits,
492 4635 521 4688 ut
541 4629 645 4692 dicunt,
672 4629 799 4694 *complexi
824 4631 895 4684 sunt,
921 4640 948 4674 e.
971 4639 994 4686 g.
1022 4623 1046 4672 i.
1068 4621 1098 4671 tt.
1121 4621 1356 4677 Kistentntrer,
1382 4621 1445 4668 Exe-
