3118 5282
287 442 368 520 aab
492 465 495 472 ’

284 619 323 682 ab
340 615 494 701 ltpostolo
518 635 581 680 non
603 633 715 700 vagum
738 633 863 680 sensum
886 615 1042 680 internum
1067 615 1290 696 commendari,
1321 617 1369 680 sed
1395 637 1444 680 ean

282 725 418 812 gratiam
441 723 586 805 divinam,
610 723 790 808 quaeipsis
813 744 871 806 per
900 724 1075 787 doctrinam
1109 723 1279 788 coelestem
1313 725 1347 788 ab
1375 723 1444 786 initio

285 832 531 918 praedicationis
547 832 742 914 apostolicae
766 832 881 918 obtigit
903 831 947 920 ¹).

376 946 408 1008 2.
431 941 598 1026 Repugnat
621 940 843 1026 experientiae,
868 961 947 1023 qnae
962 945 1112 1022 testatur,
1135 941 1288 1021 homines,
1312 941 1443 1026 qniiusti·

282 1051 438 1116 tutionem
454 1068 511 1132 per
525 1048 629 1114 lumen
644 1049 801 1112 internum
824 1049 972 1114 divinitus
989 1069 1171 1114 concessam
1187 1051 1225 1114 ad
1242 1070 1347 1114 sacras
1360 1051 1444 1114 literas

287 1158 485 1242 explicandas
496 1155 629 1238 jactant,
652 1179 715 1221 non
738 1157 837 1243 magis
862 1158 1054 1239 consentire,
1079 1179 1170 1241 quam
1193 1159 1285 1238 alios,
1309 1160 1364 1222 imo
1384 1158 1446 1221 haul

283 1287 357 1330 raro
374 1265 465 1348 plane
482 1266 728 1329 contradictoria
743 1267 905 1350 prolerre3
929 1268 1012 1351 quod
1027 1272 1131 1330 tamen
1147 1287 1237 1331 secus
1252 1266 1323 1331 lieri
1337 1268 1448 1344 deberet
1526 1339 1527 1358 χ

289 1374 317 1437 si
340 1393 450 1438 revera
474 1373 596 1437 numine
620 1393 766 1458 supremo
791 1395 915 1439 sensum
939 1395 965 1439 s.
990 1375 1176 1460 Scripturas
1199 1377 1390 1439 docerentur.

375 1483 408 1548 3.
432 1481 590 1546 llanatiois
607 1482 767 1547 erroribus
782 1481 969 1546 latissimum
993 1483 1096 1568 aperit
1119 1503 1270 1568 eampum.
1295 1483 1405 1546 Etenim
1422 1501 1449 1542 ex

286 1590 461 1656 rationibus
484 1590 721 1677 psychologieis
742 1591 835 1656 lacilc
857 1588 931 1656 lieri
952 1597 1074 1674 potest,
1106 1596 1142 1656 ut
1170 1593 1198 1656 si
1229 1592 1284 1676 qui
1306 1593 1344 1656 ad
1365 1591 1450 1654 literas

286 1717 394 1763 sacras
409 1699 629 1786 intelligendas
651 1699 807 1764 internam
828 1699 1073 1763 illustrationem
1097 1701 1151 1763 diu
1166 1705 1256 1764 certo
1280 1721 1316 1764 ac
1332 1700 1450 1764 ardenter

286 1811 469 1891 exspectant
481 1857 491 1890 ,
518 1827 625 1870 eornm
647 1808 812 1891 phantasia
835 1809 913 1871 adeo
935 1807 1119 1889 incalescat,
1142 1813 1178 1872 ut
1201 1811 1324 1872 demum
1345 1805 1450 1890 sualig·

286 1919 402 1998 meuta,
425 1914 546 1980 somnia
569 1935 606 1979 ac
630 1915 735 1980 dillria
757 1937 816 2000 pro
840 1933 919 1980 voce
942 1936 979 1980 ac
1003 1917 1196 1982 revelatione
1220 1917 1359 2002 Spiritus
1373 1914 1452 1979 sancti

285 2021 420 2090 habeant
435 2023 568 2110 aliisque
582 2023 753 2104 venditent,
778 2023 867 2107 cujus
883 2021 932 2090 rei
947 2024 1053 2088 tristia
1068 2025 1208 2110 exempla
1223 2026 1356 2090 historia
1370 2023 1452 2087 eccle-

287 2132 416 2197 siastica
439 2132 560 2196 ahnnde
584 2132 720 2196 exhibet.

373 2241 466 2304 hicet
488 2261 564 2305 vero
588 2245 652 2305 tam
675 2262 784 2326 parum
807 2242 936 2306 lundata
959 2243 1001 2306 sit
1024 2242 1100 2306 baec
1129 2243 1292 2327 pietistica
1320 2245 1453 2323 interpre-

285 2349 372 2412 tandi
396 2349 578 2429 methodus,
602 2369 682 2434 quae
706 2351 792 2415 eirca
814 2352 949 2416 medium
973 2349 1131 2415 saeculum
1160 2351 1255 2414 xvii.
1287 2356 1373 2428 orta,
1402 2367 1454 2411 eun

281 2477 353 2525 nox
375 2457 520 2542 pluribus
542 2457 700 2540 variisque
723 2459 988 2524 heterodoxorum
1015 2459 1113 2524 scotis
1136 2459 1169 2524 in
1192 2459 1317 2526 deliciis
1349 2457 1444 2522 fuisset

284 2570 361 2648 post
384 2567 544 2632 saeculum
565 2566 634 2632 iere
656 2568 805 2650 paulatim
836 2569 952 2634 iterum
982 2570 1168 2634 decrescere
1203 2571 1329 2653 coepit,
1361 2565 1455 2630 nihilo·

284 2675 387 2738 minus
411 2680 518 2740 nostra
541 2679 645 2740 aetate
668 2676 783 2740 similia
804 2677 878 2742 falsi
900 2678 1087 2762 mysticismi
1110 2677 1215 2742 studia
1237 2680 1409 2742 restaurata
1432 2675 1455 2734 tt

286 2783 375 2848 varia
389 2784 511 2848 ratione
532 2784 656 2850 exculta
676 2785 715 2848 ad
734 2785 1027 2868 interpretationem
1055 2786 1201 2852 biblicam
1225 2807 1263 2850 eo
1287 2783 1350 2850 linc
1371 2788 1456 2848 trans·

282 2892 476 2974 terebantur,
506 2901 542 2960 ut
576 2913 634 2977 per
668 2913 706 2959 ea
740 2893 960 2978 interpretatio
995 2893 1380 2982 grammatico-historica,
1410 2906 1457 2972 qut

283 3000 391 3084 plures
407 3000 487 3068 male
508 3002 686 3082 utebantur,
709 3008 925 3068 removeretur
939 2998 984 3092 ⁸).

313 3194 337 3264 ¹)
357 3202 437 3250 sumt
463 3203 687 3264 interpretatlonis
716 3204 862 3264 pietisticas
887 3207 1035 3254 sectatores
1068 3207 1175 3254 inerunt
1202 3204 1412 3266 Quaksriani
1436 3200 1455 3244 iu

354 3294 446 3353 Augila
459 3294 529 3341 eirea
541 3293 651 3342 medium
664 3295 797 3341 saeculum
813 3295 889 3342 livii.
910 3298 1003 3353 morti,
1024 3309 1082 3344 mox
1099 3298 1126 3342 ia
1147 3297 1211 3344 silas
1229 3311 1334 3358 quoque
1352 3295 1454 3356 regiones

356 3383 502 3443 propagati.
529 3383 596 3444 ipsis
614 3388 787 3432 accesserunt
800 3385 994 3444 posterioribus
1010 3389 1108 3434 saeculi
1121 3387 1196 3434 xvii.
1211 3389 1287 3435 annis
1306 3387 1455 3434 Pictistse

354 3474 449 3534 aliique
471 3475 572 3533 mystici
591 3475 746 3523 leuitici-ss
767 3477 974 3524 botberancrum
990 3479 1016 3525 in
1037 3478 1184 3539 (isa-manis,
1205 3491 1294 3527 omnes
1318 3481 1345 3526 in
1359 3489 1388 3525 ec
1405 3485 1455 3521 cct-

353 3567 504 3623 venisntss,
524 3567 592 3627 quod
617 3579 639 3614 ι.
658 3566 819 3628 scripturam
840 3571 980 3616 secundun
1005 3569 1131 3629 spiritum
1150 3584 1172 3618 ι.
1192 3571 1305 3630 siugulis
1325 3564 1454 3618 hammites

353 3655 385 3702 sd
403 3656 528 3706 internam
556 3658 746 3706 institutionem
776 3671 943 3716 concessum,
975 3672 1024 3708 seu
1047 3674 1079 3708 ex
1097 3661 1194 3710 lumlns
1218 3662 1323 3710 interae
1351 3656 1454 3707 mamitus

356 3744 415 3792 dato
432 3746 545 3808 iutehtgt
563 3748 667 3795 vehent.

309 3825 336 3896 ¹)
357 3832 499 3881 (lenulnum
516 3837 537 3883 l.
556 3851 597 3898 ep.
616 3839 692 3886 Joan.
713 3839 745 3895 ll,
766 3839 810 3886 2⁰.
832 3839 876 3885 27.
897 3851 1002 3887 sensum
1023 3852 1098 3896 csse,
1118 3853 1191 3901 quem
1214 3841 1397 3900 exposuimus,
1413 3844 1454 3880 nt·

355 3923 435 3971 liores
455 3925 643 3975 catholicorum
661 3929 819 3988 interpretes
835 3929 943 3978 uberius
963 3932 1112 3978 ostendunt.

306 4006 332 4074 ⁸)
351 4013 409 4061 Non
423 4016 490 4062 enlm
507 4020 547 4064 est
565 4017 737 4066 marcomania
758 4022 845 4080 Dens,
865 4022 913 4068 sed
930 4022 1012 4082 pacis.
1032 4021 1051 4068 l.
1072 4023 1136 4070 (tor.
1155 4019 1225 4080 XIV,
1247 4021 1293 4068 33.

409 4106 447 4154 ite
465 4105 570 4163 litibus,
590 4108 709 4156 lunaticis
729 4111 862 4158 erroribus
881 4124 912 4158 ac
930 4112 1029 4160 deliciis
1049 4112 1115 4160 varii
1133 4111 1238 4171 generis
1261 4111 1417 4160 Piettstsmn
1434 4103 1455 4146 tl

352 4195 518 4255 blystlcorum
537 4198 613 4258 plura
627 4199 705 4248 babet
724 4203 798 4248 Ant.
818 4202 930 4262 Klein,
951 4203 1068 4250 ilistoria
1086 4204 1222 4250 licciealae
1242 4203 1334 4250 christ.
1367 4191 1453 4246 drmit

358 4287 435 4370 1838.
460 4287 533 4334 Tem.
552 4289 587 4336 li.
607 4303 633 4349 p.
654 4291 706 4338 397
722 4304 779 4351 sqq.
802 4293 853 4339 tao
874 4305 930 4353 sqq.
951 4295 1003 4340 tte
1023 4305 1079 4353 sqq.
1105 4293 1179 4340 cont.
1204 4292 1284 4340 etiam
1304 4291 1451 4342 Adiciunt.

351 4374 508 4425 Gesehlchte
525 4378 573 4427 der
587 4381 780 4428 manschiichen
798 4381 929 4430 Narrbeit.
950 4381 981 4428 V.
1001 4381 1048 4428 Tb.
1069 4386 1096 4430 et
1114 4381 1314 4430 lteinbecks
1330 4374 1450 4426 Nacbricbt

350 4477 402 4512 von
421 4465 571 4516 (lichtsis
591 4469 752 4518 hebenslant
764 4473 814 4518 und
833 4473 943 4520 hebrea.

365 4553 370 4572 ¹
403 4559 548 4620 Praecipua
567 4575 647 4622 opera
669 4563 860 4612 hermeneutica
878 4569 904 4612 et
921 4567 1054 4625 exegetica
1076 4566 1109 4613 ad
1123 4564 1267 4612 methodum
1283 4551 1451 4622 interpretanti

350 4648 507 4706 pletisticam
527 4653 672 4712 spectantia
694 4657 768 4710 sunt,
789 4657 817 4704 et
839 4655 939 4715 quidem
