3120 5294
1240 469 1314 544 129

131 645 177 716 ¹⁰)
195 643 375 711 Quapropter,
405 651 429 698 si
448 649 520 697 Rom.
543 649 571 706 v,
599 649 643 697 2⁰.
664 649 774 709 legitur:
805 649 1060 704 emanaturam,
1089 651 1120 698 at
1139 643 1209 714 (iao)
1230 652 1315 699 atun-

125 739 129 746 '
196 745 277 792 daret
294 743 433 800 deitatum»,
464 742 524 802 quie
542 743 612 788 liene
639 743 760 801 proiecto
787 741 848 788 date
871 741 928 800 lege
948 753 1044 802 augere
1063 742 1183 789 delictum
1202 754 1253 788 non
1273 743 1316 788 in·

194 833 294 892 tendit,
316 825 358 879 ἵνα
377 833 536 879 reddendum
555 834 623 879 erite
646 843 676 878 eo
697 831 808 891 effrata,
827 833 866 878 ut.

132 915 176 989 ¹¹)
196 924 240 970 Sle
259 923 457 978 (isneaxxlv,
477 923 502 968 2.
522 915 583 985 litt}
598 924 636 996 ἷξε
655 922 749 970 senior
767 924 859 968 domae
880 921 949 981 due,
977 921 1129 981 intelligitur
1156 935 1188 970 ex
1215 923 1315 970 addita·

195 1017 300 1060 mento:
320 991 349 1064 lb
364 1007 425 1088 'tritt
440 991 495 1086 52?
510 990 605 1076 ‘mimn-
615 1031 617 1036 ·
629 1011 674 1075 qui
690 1014 825 1074 praeerat
842 1011 979 1065 omnious,
1009 1026 1078 1074 qaae
1102 1013 1233 1062 talebot„
1254 1015 1314 1059 liae.

197 1105 219 1163 l,
239 1105 283 1151 ³5.
297 1103 398 1168 πνεῦμα
411 1099 486 1168 ἅγιον
499 1117 549 1150 non
562 1103 704 1166 impuleram
719 1103 846 1159 divinam,
867 1104 913 1150 sed
925 1103 979 1149 aim
993 1103 1112 1150 diuinam
1126 1106 1227 1161 notare,
1242 1104 1318 1150 docet

196 1193 341 1240 nonmlnus
361 1207 472 1254 sequens
483 1187 595 1257 δύναμις
614 1185 723 1258 ὑψίστυ,
743 1193 811 1252 quod
831 1193 944 1252 explieat
962 1191 1034 1252 illei,
1050 1205 1123 1252 qnam
1142 1193 1317 1252 praecedens:

196 1283 254 1339 πῶς
266 1277 339 1332 ἔσται
351 1283 437 1341 τοῦτο,
452 1279 508 1333 ἐπεὶ
528 1277 612 1352 ἄνδρα
631 1276 661 1331 οὐ
680 1279 812 1348 γινώσκω,
833 1295 907 1343 qnam
927 1283 1099 1344 objectionem
1117 1285 1216 1330 reintet
1234 1296 1316 1344 ange·

200 1375 252 1422 lus.
273 1375 355 1422 Porro
368 1377 432 1422 buo.
447 1377 471 1432 1,
495 1377 539 1422 28.
558 1369 755 1442 κεχαριτωμένη
774 1379 866 1422 notare
886 1376 940 1422 Deo
961 1377 1119 1438 arreptam,
1136 1378 1208 1434 petet
1225 1387 1257 1420 ex
1275 1387 1319 1420 ae·

199 1467 289 1524 quenti
300 1479 324 1512 ν.
337 1467 380 1513 ³⁰.
394 1455 467 1534 εὗρες
479 1463 529 1534 γὰρ
542 1461 622 1534 χάριν
636 1461 708 1534 παρὰ
721 1465 759 1530 τῷ
770 1459 839 1530 Θιῷ,
859 1465 987 1514 iareaieti
1004 1465 1125 1526 gratiam
1145 1467 1216 1527 apuli
1228 1465 1320 1512 Deam.

133 1549 176 1617 ¹²)
197 1545 331 1616 Ejusmodi
350 1559 392 1603 est
409 1555 507 1604 Genea.
527 1558 609 1617 xoll,
629 1557 673 1604 23.
694 1533 782 1623 γ’ξι),
802 1557 872 1617 quod
885 1569 946 1603 esse
957 1555 1132 1617 interpretem
1142 1556 1319 1614 cognoscitur,

201 1647 263 1706 qnia
280 1649 379 1694 tantum
400 1647 432 1693 ob
461 1647 604 1695 adhibitam
628 1649 799 1707 interpretem
825 1650 921 1694 iratres
947 1646 1071 1705 iosephi,
1100 1649 1131 1692 ut
1159 1645 1322 1704 observatur,

200 1741 294 1795 putare
311 1741 451 1798 peierante
478 1751 508 1785 ee
527 1737 559 1784 ab
578 1751 609 1785 eo
628 1751 679 1786 non
698 1739 813 1797 intelligi.
833 1739 908 1784 Num.
929 1737 979 1792 vl,
1000 1737 1026 1782 3.
1046 1713 1083 1798 il}
1104 1747 1164 1783 esee
1182 1737 1271 1784 viride
1296 1742 1323 1782 et

199 1840 313 1889 reeens,
333 1829 409 1875 docet
428 1829 579 1888 oppositum
599 1822 653 1902 &32
676 1829 790 1876 aritium.
822 1827 884 1874 Pari
904 1827 978 1873 motio
998 1826 1077 1873 liebr.
1098 1828 1125 1884 l,
1149 1829 1173 1873 1.
1193 1824 1324 1894 προρήται

201 1929 252 1963 non
271 1929 331 1964 esse
350 1919 456 1982 earipta
475 1919 683 1981 prophetaram,
705 1918 752 1966 aed
769 1919 917 1982 prophetae
937 1917 1026 1980 ipsos,
1046 1931 1078 1964 ex
1097 1918 1218 1977 opposito
1239 1911 1325 1974 tatae

204 2009 368 2055 manifestum
388 2011 438 2056 est.

138 2091 183 2158 ¹³)
205 2098 353 2158 Exemplum
371 2097 451 2144 hebes
471 2096 568 2144 (iones.
582 2097 690 2159 xxvnl,
714 2098 772 2153 m„
794 2097 838 2144 ubi
856 2098 890 2170 ηρ
908 2110 959 2161 per
978 2100 1018 2152 te,
1048 2097 1079 2142 ed
1096 2095 1187 2145 iacobi
1202 2099 1325 2156 posterna

205 2188 392 2234 extendendum
411 2200 486 2242 esse,
513 2187 609 2234 evincit
636 2190 782 2248 appositum
809 2189 901 2262 wll-{l
930 2201 1025 2250 nempe
1052 2199 1103 2251 per
1131 2200 1223 2234 semea
1242 2191 1326 2248 taam,

203 2278 260 2324 sive
285 2290 334 2336 per
358 2277 548 2340 posteritatem
568 2278 652 2324 taam.
683 2277 782 2324 contre
799 2279 857 2326 Aet.
879 2281 922 2338 ΙΙ,Ι
936 2279 960 2325 5.
988 2272 1040 2326 alni
1060 2275 1157 2335 παντὸς
1176 2272 1256 2334 filias
1273 2278 1327 2326 τῶν

202 2359 253 2413 ὑπο
272 2363 316 2414 τὸν
335 2357 431 2436 &pauiu
450 2380 502 2413 non
520 2379 569 2426 pro
588 2369 655 2416 omni
673 2381 721 2416 sue
742 2371 887 2418 universali
905 2369 934 2414 vi
951 2369 1127 2429 accipiendum
1146 2381 1207 2416 ease
1226 2367 1325 2430 intelli·

207 2461 267 2516 get,
288 2459 337 2518 ‘qui
363 2456 503 2506 attenderit
522 2457 554 2502 ael
574 2471 597 2505 v.
618 2459 642 2504 9.
663 2471 722 2520 sqq.
749 2458 794 2506 ubi
820 2459 941 2506 diversae
960 2458 1095 2518 nationes,
1123 2471 1190 2526 quae
1209 2459 1331 2518 ederant,

209 2551 405 2596 enumerantur.

145 2631 187 2700 ¹⁸)
207 2638 295 2684 llatth.
313 2639 360 2696 Vl,
391 2639 435 2687 24.
455 2631 541 2694 οὐδεὶς
560 2633 669 2688 δύναται
688 2632 750 2688 δυσὶ
770 2635 870 2706 κνριόις
889 2631 1036 2695 δουλεύειν,
1062 2651 1139 2685 nemu
1157 2639 1248 2700 potest
1265 2640 1332 2685 duo-

208 2727 256 2775 bus
273 2727 385 2776 dominia
400 2729 514 2784 eeraire,
527 2731 768 2789 subintelligendam
779 2743 853 2777 esse:
875 2729 1019 2776 aonmaria
1031 2728 1196 2789 jubentibus,
1218 2741 1330 2788 sequen-

208 2819 247 2866 tia
266 2820 368 2876 (locent,
390 2833 456 2879 quae
475 2822 508 2868 (le
522 2823 577 2867 Deo
597 2825 622 2867 et
641 2822 673 2867 ‹le
692 2821 769 2868 nimia
788 2821 933 2867 divitiarum
953 2819 1093 2877 eupiditate
1110 2819 1255 2878 loquuntur.
1274 2821 1333 2866 Non

210 2909 295 2956 minus
316 2909 392 2956 loen.
413 2912 462 2969 lll,
493 2911 519 2956 ².
541 2912 567 2957 3.
588 2925 619 2958 ex
637 2923 765 2970 responso
784 2911 885 2956 Domini
904 2912 990 2968 petet,
1018 2909 1184 2955 Nicodemum
1204 2909 1281 2956 etlam
1300 2909 1333 2962 ‹le

210 2998 359 3045 conditione
377 2999 571 3060 interrogasse,
595 3000 642 3046 sub
663 3013 713 3060 que
731 2999 805 3060 regni
824 2999 944 3048 eoelestis
964 2999 1095 3058 particeps
1114 2999 1206 3059 aliquis
1225 2996 1284 3059 liat,
1306 3003 1334 3045 et

209 3087 403 3148 Evangelistam
422 3090 487 3136 hane
507 3091 739 3148 interrogationem
759 3090 889 3136 omisisse.

470 3229 498 3297 s.
516 3228 559 3286 tt.
577 3229 725 3288 tentarios
741 3229 846 3302 logicus
861 3232 1000 3292 remotior.

230 3358 372 3422 Similem
387 3379 477 3421 nsum
491 3360 615 3423 exhibet
628 3365 793 3423 contextus
806 3361 969 3442 remotior,
988 3362 1028 3424 ob
1041 3383 1132 3445 quem
1149 3365 1187 3426 ad
1205 3368 1332 3427 senten-

127 3469 194 3532 tias
210 3465 348 3548 ejusdem
363 3468 515 3530 orationis
531 3468 602 3549 plns
619 3468 757 3530 minusve
770 3468 923 3532 distantes
939 3470 1123 3534 attenditur.
1147 3475 1218 3550 Quo
1230 3470 1278 3554 tit,
1295 3481 1332 3542 nt

224 3579 257 3639 1.
274 3575 467 3660 singularum
489 3595 600 3638 vocum
627 3575 773 3639 notiones
789 3581 918 3659 pateant
932 3574 981 3666 ¹);
1006 3578 1076 3642 dein

222 3685 255 3746 2.
272 3682 362 3766 rigor
373 3683 530 3745 dictorum
546 3683 611 3746 sive
624 3683 750 3746 termini
761 3685 923 3748 notionum
937 3685 1178 3776 definiantur²);
1196 3693 1330 3776 denique

133 3859 137 3866 ι
221 3793 253 3856 3.
270 3794 305 3852 ut
322 3790 393 3852 inde
410 3811 551 3874 qnoque,
577 3814 613 3854 ex
632 3793 755 3876 integra
772 3813 881 3875 nempe
899 3795 1092 3880 eogItatuum
1111 3798 1203 3861 etiam
1219 3823 1325 3864 remo-

130 3897 252 3961 tiorum
271 3898 375 3977 serie,
402 3919 480 3981 quae
497 3899 560 3962 sint
576 3900 758 3982 supplenda,
775 3901 991 3986 intelligantur
1003 3900 1046 3989 3).

224 4005 356 4087 lnsnper
379 4011 545 4068 contextus
569 4006 631 4070 iste
654 4007 716 4069 alia
731 4012 780 4070 sat
795 4009 903 4093 gravia
920 4017 1063 4091 praestat
1079 4018 1250 4079 commoda.
1279 4019 1325 4082 Ex

124 4115 213 4177 faeta
237 4112 316 4174 enim
333 4118 524 4176 remotarum
543 4115 769 4178 sententiarum
794 4117 878 4179 inter
906 4137 940 4180 se
964 4123 1197 4202 comparatione
1220 4127 1326 4190 eonsi-

125 4221 203 4283 lium
227 4221 368 4284 anetoris
393 4221 562 4303 elucescit,
583 4244 654 4285 num
673 4223 818 4285 nimirum
836 4229 868 4285 et
885 4225 938 4288 ubi
953 4225 1112 4291 illustrare
1128 4231 1178 4292 vel
1195 4233 1324 4296 demon-

125 4335 243 4407 strare,
265 4328 380 4392 dooere
396 4329 447 4391 vel
469 4349 604 4410 movere,
629 4332 773 4394 absolute
789 4333 838 4396 vel
855 4335 1068 4400 conditionate
1084 4339 1219 4424 intelligi
1234 4341 1321 4423 velit,

126 4442 159 4499 et
176 4455 257 4520 quae
274 4442 347 4498 sunt
363 4437 476 4500 similia
488 4435 531 4524 ⁴).

153 4575 180 4646 ¹)
199 4583 244 4630 Uti
263 4583 337 4629 ioan.
356 4583 382 4639 1,
413 4587 452 4641 i.,
480 4585 524 4632 ubi
551 4587 612 4646 qnid
637 4587 672 4634 sit
691 4581 783 4650 λόγος,
812 4588 980 4648 sequentibus
999 4591 1136 4652 membris,
1165 4596 1320 4650 praesertim

198 4687 225 4718 ν.
257 4673 299 4721 li.
328 4674 450 4730 docetur,
473 4689 529 4736 'quo
561 4668 628 4744 σαρξ
651 4677 753 4736 taetus,
783 4677 995 4725 intorhomines
1022 4687 1157 4736 versatus,
1187 4683 1321 4743 maiestate

162 4787 245 4828 llerm.
265 4781 363 4829 biblica.
382 4785 400 4828 1.
1088 4785 1106 4835 9
