3190 5290
1274 451 1326 529 in

134 628 211 696 ciali
225 627 478 694 termininatioue
493 627 720 714 insigniuntur,
745 647 813 690 com
838 645 929 692 cesos
945 629 1078 694 diversis
1094 631 1326 694 terminationi-

133 739 195 804 bus
213 741 357 802 careant·
373 736 482 820 Neque
498 757 555 820 pro
573 735 805 818 comparatione
828 735 1051 818 adjectivorum
1075 738 1226 804 Hebraeis
1251 761 1327 823 pro·

135 847 226 930 priae
242 845 361 908 formae
376 851 502 928 praesto
519 851 603 908 sunt.
627 845 695 908 Nee
706 845 807 908 miuus
818 845 951 928 deniqne
965 847 997 910 iu
1009 848 1139 912 vocibus
1152 849 1325 932 formisque

136 953 370 1035 construendis,
386 953 446 1036 vel,
461 953 491 1016 si
506 974 585 1037 quae
600 955 729 1035 desunt,
754 953 935 1038 supplendis
951 975 970 1017 a
992 959 1187 1020 caeterorum
1203 959 1253 1020 via
1268 959 1325 1022 de-

134 1062 283 1143 tleeteot,
311 1061 372 1144 ite,
396 1065 432 1125 ut
447 1063 529 1126 baud
545 1082 662 1144 paucos
678 1061 755 1145 styli
769 1062 908 1126 hebraici
924 1063 984 1128 sibi
1001 1064 1208 1143 consciscant,
1224 1070 1260 1127 nt
1275 1065 1324 1128 di·

136 1175 226 1252 cunt,
244 1167 474 1256 idiotismosl).

228 1277 349 1357 Quodsi
364 1277 500 1364 liugnam
510 1278 686 1343 hebraicam
703 1299 772 1341 cnm
788 1281 941 1344 eremeice
956 1285 989 1344 et
1004 1282 1128 1345 arabica
1144 1281 1327 1364 contuleris,

138 1387 226 1450 illam
243 1387 327 1450 inter
349 1388 515 1450 secundem
538 1393 571 1450 ct
593 1387 718 1450 tertiam
741 1387 967 1452 nominatarum
990 1395 1056 1453 tum
1080 1392 1182 1474 quoad
1206 1391 1327 1475 copiam

136 1496 303 1560 verborum
316 1515 353 1558 ac
365 1515 617 1579 synonymorum,
633 1500 699 1558 tum
710 1497 811 1579 quaed
823 1495 991 1562 formarum
1008 1499 1244 1584 supellectilem,
1260 1506 1326 1562 tum

138 1605 242 1688 quoad
257 1603 357 1685 ipsam
373 1604 450 1668 adeo
468 1603 722 1688 orthographiam
735 1608 767 1666 et
776 1604 929 1668 vocalium
945 1629 1033 1670 nsum
1050 1607 1183 1670 medium
1199 1609 1267 1670 fere
1278 1609 1328 1671 lo·

134 1733 210 1792 cum
225 1715 333 1776 tenere
349 1707 516 1798 videbisl).

163 1857 190 1922 ¹)
210 1861 312 1910 Paucae
329 1859 429 1908 radices
448 1859 577 1920 plurium,
598 1872 672 1920 quam
691 1861 772 1908 trium
791 1863 939 1919 literarum,
963 1866 1113 1924 pierumque
1131 1864 1163 1912 ab
1182 1865 1273 1924 initio,
1299 1867 1325 1912 in

209 1953 295 1998 medic
321 1953 364 1998 vei
391 1949 442 1998 uua
467 1953 576 2010 aliquam
604 1952 702 1999 literam
730 1963 869 2000 conscuem
897 1953 1023 2015 adiectam
1043 1956 1177 2015 exhibent,
1206 1957 1235 2001 ut
1253 1957 1327 2029 ”ddi

212 2042 348 2104 baltheus,
375 2036 449 2116 hipp„
465 2045 491 2090 et
509 2045 558 2114 mi
576 2041 698 2098 sceerisr
719 2047 763 2090 eut
781 2046 846 2093 dues
864 2057 942 2093 voces
961 2045 1052 2093 similis
1072 2047 1131 2092 soni
1150 2050 1176 2092 at
1195 2045 1326 2105 signitica-

210 2133 301 2194 tionis,
321 2145 383 2180 raro
402 2133 477 2193 alise,
496 2134 523 2178 in
541 2145 615 2180 unam
630 2137 776 2180 contrectes
792 2134 928 2200 hahentur,
948 2141 977 2182 ut
995 2113 1068 2212 5922
1089 2136 1176 2198 relico
1194 2135 1325 2184 memisse.

167 2217 196 2284 ε)
213 2223 321 2270 Nomius
339 2223 491 2282 composita,
511 2226 539 2269 ut
558 2224 604 2268 let.
627 2223 788 2284 causidicus,
807 2224 973 2282 paucissima,
993 2227 1073 2274 verha
1091 2237 1153 2274 vero
1173 2227 1326 2286 composite,

211 2318 239 2360 ut
257 2315 303 2360 ist.
323 2310 388 2360 obeo
408 2324 518 2371 prorsus
537 2314 611 2360 nulla
630 2316 701 2359 sunt.

166 2399 192 2466 ⁸)
211 2401 375 2452 Praesertim
400 2404 503 2452 ratione
526 2404 714 2464 adjectivorum
739 2409 765 2452 et
790 2406 974 2465 particularum
999 2407 1073 2454 valde
1091 2407 1167 2466 inops
1192 2409 1219 2452 et
1238 2418 1328 2452 manca

210 2495 252 2546 ast
270 2499 359 2557 lingue
377 2498 508 2546 hebreice.
530 2499 574 2544 sic
592 2512 615 2545 e.
635 2512 661 2558 g.
682 2501 704 2546 sl
722 2499 834 2559 requiris
847 2498 1054 2560 conjunctiones,
1073 2501 1099 2546 in
1118 2500 1192 2546 unica
1203 2499 1327 2559 conJ'unc·

169 2605 172 2610 ’
212 2591 283 2636 tione
301 2593 311 2672 t
331 2589 480 2649 acquiescit,
500 2589 544 2636 uhi
562 2590 685 2638 cuuores
705 2591 807 2648 hugues
825 2587 960 2648 particulis
980 2591 1159 2647 adversativis,
1179 2589 1326 2638 ιιιιιΙΙΙιιι

210 2685 238 2726 et
256 2678 373 2726 finalibus
393 2681 430 2726 uti
449 2682 545 2728 solent.

163 2762 189 2835 4)
209 2771 385 2828 Proprietates
405 2769 548 2816 hebraismi
566 2769 653 2816 biblici
672 2773 724 2816 tum
741 2772 843 2818 ratione
862 2771 1020 2818 characteris
1040 2771 1253 2830 grammetlcslis,
1271 2775 1325 2818 tum

208 2861 307 2906 ratione
318 2863 454 2918 syntaxeos
468 2860 569 2906 ahuude
581 2860 701 2906 exhibent
712 2861 892 2919 grammaticae
903 2860 1030 2914 meliores,
1047 2862 1079 2908 ed
1092 2873 1155 2920 ques
1165 2861 1323 2920 ablegamus.

161 2943 187 3011 ⁵)
209 2950 284 3008 Quod
302 2949 334 2995 de
353 2951 428 3008 cepis
445 2948 627 2995 vocabulorum
646 2961 675 2994 ac
695 2947 919 3008 significationum,
939 2949 1048 3008 singulis
1068 2949 1184 2996 disiectis
1203 2947 1329 2995 semiticls

211 3040 417 3100 competentium,
436 3041 478 3086 est
489 3042 720 3097 commemoretum,
741 3039 825 3086 lexica
839 3038 1003 3099 confirmsut3
1023 3039 1107 3098 quoad
1121 3033 1239 3100 idumeus
1249 3028 1327 3099 prse-

211 3135 302 3182 sertim
328 3133 413 3188 verbi,
439 3131 570 3182 lisbraees
588 3132 716 3180 manibus
743 3135 821 3192 louge
840 3133 993 3188 interiores,
1018 3132 1150 3180 Aramaeis
1175 3127 1327 3192 superiores

213 3237 282 3284 esse,
303 3225 480 3284 grammatices
500 3225 603 3278 docent,
624 3235 698 3284 ιιιιι
717 3224 841 3270 retiouem
858 3225 884 3270 iu
904 3223 1086 3282 orthographia
1101 3226 1128 3270 et
1139 3223 1264 3278 vocalium
1279 3235 1330 3270 ιιι

210 3327 365 3376 recurrere,
395 3316 536 3375 nemiuem,
567 3315 667 3374 quiret
686 3313 863 3374 astperitus,
890 3316 979 3374 potest
997 3313 1098 3371 fugere.
1135 3313 1245 3360 (tonstet
1262 3313 1330 3360 enlm

211 3404 341 3463 Arabum,
370 3403 413 3462 qui
437 3407 523 3450 certos
550 3404 767 3462 pronuntiationis
794 3404 884 3450 modos
904 3403 1050 3449 earumdem
1068 3403 1198 3449 literarum
1216 3403 1331 3464 proprus

212 3493 407 3541 characteribus
426 3493 600 3551 distinguunt,
628 3494 762 3552 alphabeto
789 3493 853 3540 illud
872 3492 1047 3539 Hebraeorum
1066 3505 1111 3539 sex
1130 3491 1330 3558 consonantibus

215 3585 352 3644 superari,
382 3583 461 3641 Syros
487 3595 550 3628 vero
568 3583 608 3629 his
635 3595 685 3630 usa
708 3587 866 3630 consonante
892 3583 1032 3630 interiores
1059 3595 1136 3642 esse,
1163 3585 1253 3642 utpote
1281 3595 1329 3642 pro
1404 3583 1406 3590 ’

127 3705 131 3712 ·
213 3669 362 3735 'ttaemper
381 3679 398 3720 ι
418 3673 573 3722 scribentes.
600 3674 660 3722 Pari
679 3674 825 3721 rationein
848 3674 931 3722 obviis
957 3674 1088 3722 vocabulis
1107 3673 1234 3728 cernitur,
1253 3683 1332 3719 voce·
1395 3739 1398 3746 Α

212 3765 283 3813 libus
300 3763 399 3813 Arabes
417 3763 513 3832 largius
530 3775 605 3824 quare
615 3763 761 3826 Hebraeos,
777 3765 916 3812 Διιιιιιιι
934 3775 999 3812 vero
1017 3765 1057 3810 his
1071 3765 1175 3824 parcius
1192 3765 1245 3823 uti,
1262 3775 1287 3810 e.
1303 3774 1329 3822 s.
1352 3765 1353 3770 ’

441 3865 454 3891 v

213 3887 497 3986 manases.

692 4067 719 4134 S·
735 4059 778 4124 30.

256 4173 288 4242 1))
310 4175 455 4242 Quatenus
473 4173 607 4228 clementa
625 4172 781 4244 perreriae
800 4174 826 4228 et
842 4171 1000 4228 recentiora
1019 4171 1217 4244 complectitur.

232 4319 666 4402 Proprietatibusllebraismi
682 4319 789 4382 biblici
806 4317 984 4402 originariis
1000 4317 1151 4380 accedunt
1168 4318 1330 4393 elementa,

140 4445 224 4511 quae
240 4427 310 4489 aliis
336 4427 453 4513 linguis
475 4429 514 4490 ad
535 4425 620 4490 illum
637 4431 826 4490 momentum
849 4425 1032 4501 habentibus
1054 4430 1085 4487 et
1102 4421 1332 4508 corruptionis

141 4539 295 4618 sequente
311 4557 385 4598 aevo
402 4535 562 4620 proiectae
579 4535 729 4620 originem
746 4535 868 4596 debent.
887 4533 931 4595 Ex
943 4532 982 4595 iis
992 4533 1093 4615 primo
1105 4533 1176 4626 loco
1188 4528 1332 4613 ponimus

142 4645 320 4708 aramuica
343 4653 375 4706 et
401 4645 631 4708 neobebraico.
662 4643 774 4705 Priora
797 4663 834 4704 ex
854 4641 991 4704 dialecto
1015 4639 1168 4702 arameice
1190 4628 1331 4710 oriunda,
