3190 5290
263 411 314 491 it

260 593 397 660 omnium
417 595 585 662 veritatum
604 597 655 663 rel
675 599 916 683 praeceptorum
945 597 1025 663 certi
1045 597 1172 686 grueria
1195 599 1350 664 rationem
1369 595 1448 662 alti·

261 725 342 771 mam
358 705 390 769 in
407 725 442 772 se
459 707 613 771 eontinet.

352 814 430 881 Cum
446 816 531 880 nullo
546 817 722 901 disciplina,
735 835 815 904 quae
826 821 964 904 systema
980 815 1126 881 exhibere
1140 821 1171 881 ct
1188 815 1372 904 dignitatem
1387 814 1457 878 aei·

260 921 362 989 entiae
379 925 441 988 sibi
454 923 614 990 uindicare
631 925 728 1012 cupit,
750 945 897 1012 supremo
914 925 1070 1010 principio
1094 945 1205 990 carere
1220 923 1334 1009 possit,
1357 924 1455 989 etiam

261 1031 395 1098 scientia
421 1033 650 1118 interpretandi
678 1053 704 1099 s.
728 1033 926 1120 scripturam
953 1035 1143 1120 principium
1171 1034 1203 1097 in
1230 1034 1337 1098 fronte
1363 1039 1456 1118 gerat

262 1148 399 1225 oportet,
423 1159 459 1208 ex
483 1165 544 1230 quo
570 1163 628 1208 ceu
650 1165 687 1209 ex
702 1144 812 1210 ultimo
829 1143 917 1209 iente
937 1145 1066 1232 regulae
1083 1150 1114 1208 et
1129 1148 1301 1228 praecepta
1321 1143 1460 1207 duacen·

260 1253 344 1333 dant,
362 1259 394 1316 et
407 1253 446 1318 ad
459 1251 543 1338 quod
559 1253 739 1318 ascendant.
755 1251 834 1318 'l’ale
848 1273 925 1319 vero
938 1253 1126 1338 principium
1142 1271 1201 1336 pro
1214 1249 1382 1336 disciplina
1397 1269 1458 1314 no·

259 1367 326 1425 stra
341 1363 544 1444 repetendum
561 1379 632 1426 esse
654 1381 691 1426 ex
707 1361 770 1426 illis
788 1362 922 1446 duplicis
937 1363 1064 1449 generis
1080 1365 1218 1446 lepidus,
1241 1361 1458 1446 peuerulitaas

258 1489 368 1554 nempe
386 1475 418 1534 et
432 1471 669 1556 peculiaribus,
687 1473 727 1535 ad
743 1489 820 1558 quas
836 1471 868 1535 in
884 1471 1147 1554 interpretatione
1159 1470 1277 1535 biblica
1285 1470 1455 1534 osteuden-

258 1579 330 1642 dum
354 1597 424 1642 csse
440 1579 615 1643 monuimus
637 1579 689 1668 (S.
706 1579 775 1668 7.),
799 1579 891 1644 lacile
912 1578 1110 1666 intelligitur.
1135 1579 1274 1644 stiores
1304 1577 1464 1662 interpre-

258 1699 322 1762 tem
343 1689 492 1756 biblicum
508 1691 672 1758 attendere
683 1690 796 1773 jubent
813 1689 850 1755 ad
869 1709 921 1753 eas
938 1689 1152 1774 conditiones,
1181 1687 1305 1776 quibus,
1325 1725 1365 1736 -
1383 1688 1459 1772 quia

257 1799 370 1886 quivis,
388 1799 529 1883 quicum
546 1798 617 1864 aliis
633 1800 846 1886 cogitationes
862 1819 936 1864 suas
953 1799 1183 1866 communiente
1199 1793 1343 1880 intendit,
1360 1796 1398 1862 ab
1416 1797 1456 1860 iis

256 1909 381 1993 pendet,
393 1941 438 1958 -·
451 1909 545 1974 etlam
561 1908 768 1995 hagiographi
780 1909 977 1988 tenebuntur,
995 1929 1066 1972 eum
1079 1907 1199 1992 scripta
1209 1926 1300 1974 sacra
1315 1905 1348 1970 in
1364 1925 1456 1973 usum

256 2017 410 2082 lectorum
427 2035 556 2082 snorum
573 2015 821 2098 elucubrassent,
838 2035 947 2101 nempe
964 2018 1003 2081 ad
1021 2035 1088 2081 eam
1109 2017 1260 2102 loquendi
1277 2020 1457 2081 conauctu·

255 2125 369 2208 dinem,
392 2147 453 2212 qua
468 2123 516 2190 illi
531 2126 578 2190 uti
595 2125 780 2207 debuerunt,
804 2131 838 2191 ut
854 2125 892 2190 ab
908 2127 958 2190 bis
975 2127 1247 2213 intelligerentur,
1271 2131 1304 2189 et
1320 2127 1359 2189 ad
1375 2145 1459 2191 nor·

257 2255 324 2304 mas
339 2235 410 2302 illas
422 2235 625 2317 universales,
643 2235 755 2322 quibus
767 2256 854 2300 mens
869 2235 1001 2299 bumana
1012 2234 1044 2300 in
1056 2235 1269 2318 producendis
1284 2239 1316 2300 et
1333 2254 1458 2300 conso·

254 2344 374 2410 ciendis
396 2343 478 2408 idcis
500 2345 531 2407 vi
553 2344 672 2410 indolis
695 2364 770 2408 suae
793 2344 950 2410 adfltricta
973 2348 1041 2424 est,
1065 2349 1097 2408 et
1114 2363 1191 2429 quas
1213 2344 1345 2428 proinde
1363 2344 1459 2409 etiam

253 2464 408 2538 perronae
424 2452 570 2532 biblicae,
594 2453 772 2539 cogitantes
797 2458 830 2517 et
851 2453 922 2516 aliia
938 2471 998 2536 opo
1013 2453 1181 2518 verborum
1198 2453 1338 2541 cogitata
1359 2453 1461 2542 sigui-

252 2560 385 2626 ficantes
400 2559 513 2624 missas
529 2561 636 2625 locere
654 2581 715 2625 non
732 2565 921 2645 potuerunt.
937 2561 991 2651 (P.
1008 2563 1033 2625 l.
1051 2561 1140 2626 Soet.
1157 2563 1181 2626 l.
1198 2563 1230 2644 S.
1247 2561 1326 2649 13.)

344 2669 555 2738 Posteriores
569 2689 656 2752 voro,
674 2689 710 2734 ex
722 2669 825 2735 divina
841 2671 1064 2753 ascriptum
1080 2678 1193 2735 natura
1208 2671 1366 2755 repetitae
1383 2672 1453 2736 cxi-

251 2787 339 2867 guut,
361 2785 396 2843 ut
412 2779 570 2862 interpres
586 2777 722 2843 biblicus
739 2779 833 2844 etiam
850 2783 890 2846 ad
911 2783 1115 2866 peculiarem
1130 2781 1317 2860 Bibliorum
1337 2781 1451 2865 digni·

249 2901 348 2958 tutem
362 2889 524 2973 respiciat,
553 2888 583 2951 vi
612 2888 703 2976 cujus
719 2893 867 2957 auctores
895 2888 1003 2956 adlato
1022 2889 1163 2974 Spiritus
1187 2891 1288 2954 sancti
1309 2890 1342 2954 in
1368 2891 1452 2956 acri-

251 3002 352 3066 bando
376 2997 499 3066 suffulti
519 2999 558 3064 ab
585 2999 669 3062 omni
692 3019 802 3064 errore
830 2999 984 3064 immunes
1006 3000 1168 3082 doctrinas
1190 3001 1453 3084 supernaturales

251 3108 400 3176 diuinitus
421 3107 576 3172 revelatas
598 3107 808 3172 tradiderunt.
833 3109 887 3197 (P.
903 3109 928 3172 1.
947 3108 1034 3174 Sect.
1051 3109 1091 3177 11.
1107 3110 1139 3192 S.
1160 3109 1238 3176 165.
1255 3107 1365 3198 seqq.)
1380 3109 1452 3176 lam

251 3218 422 3284 iuratione
445 3216 586 3281 babendo
608 3223 673 3283 turn
696 3235 802 3280 aarum
825 3219 1067 3300 conditionum,
1089 3239 1135 3284 em
1157 3219 1277 3302 quidm
1298 3229 1454 3290 auderes

251 3329 361 3394 biblici
375 3331 409 3393 ni
423 3328 549 3391 indolie
563 3345 648 3392 sune
663 3329 829 3393 bumauce
844 3327 1029 3411 pendebant,
1045 3332 1113 3391 tum
1129 3347 1315 3394 concursus
1329 3329 1451 3412 divini,

253 3458 315 3526 quo
340 3435 560 3500 commercium
583 3455 691 3499 eorum
715 3433 928 3503 intellectuale
952 3433 1148 3502 alliciebatur
1177 3442 1209 3500 ct
1236 3436 1452 3524 adjuvabatur,

253 3548 348 3614 cardo
364 3543 472 3632 justae
494 3543 767 3628 interpretationis
791 3564 817 3609 s.
840 3543 1027 3630 Scripturao
1049 3547 1171 3611 versari
1191 3545 1327 3612 videtur.
1365 3550 1453 3628 ssua-

251 3659 384 3739 prapter
400 3673 579 3738 supremum
594 3651 854 3726 Hermeneuticae
875 3656 1009 3736 biblicae
1025 3655 1216 3741 principium
1238 3655 1297 3726 bac
1313 3657 1448 3722 formula

252 3763 479 3828 enunciandam
505 3761 667 3827 existimo:

347 3875 454 3954 Oura,
470 3882 509 3935 ut
523 3894 541 3935 e
556 3891 660 3938 acero
677 3871 856 3957 Scriptura
871 3876 959 3940 mem
973 3879 1181 3961 percipietur
1195 3895 1337 3961 cemus,
1355 3897 1450 3961 poem

251 3983 472 4068 hagiographi
491 3984 714 4050 consideretis
734 3987 876 4070 lepidus,
900 3989 1019 4070 quibus
1041 3989 1194 4052 biblicum
1216 3992 1450 4071 cogitaminum

253 4093 481 4156 commercium
495 4101 633 4180 tenetur,
650 4097 686 4158 ire
701 4118 743 4162 ea
757 4099 957 4184 deposuisse
973 4099 1132 4163 commodo·
1146 4109 1233 4164 eum.

346 4200 406 4266 Cui
420 4200 630 4267 enunciationi
642 4203 747 4270 inesse
763 4227 871 4271 omnes
885 4227 1049 4291 supremae
1064 4227 1192 4272 normae
1207 4206 1449 4293 interpretatio-

252 4309 301 4375 nis
317 4310 453 4374 biblicae
470 4311 572 4394 dctes,
589 4315 793 4400 sequentibus
811 4317 981 4383 evincitur:

348 4423 380 4485 1.
412 4419 469 4483 list
500 4421 687 4512 principium
715 4445 825 4491 revera
850 4429 993 4512 primum
1018 4445 1076 4490 seu
1103 4447 1304 4513 aupreruum,
1332 4432 1444 4512 utpote

252 4529 336 4616 qnod
348 4549 410 4594 nun
426 4528 464 4594 ab
480 4527 542 4596 alio
559 4535 693 4618 quodam
709 4533 802 4619 hujus
818 4536 1001 4620 disciplinae
1017 4535 1175 4622 principio
1193 4538 1371 4616 deductum,
1390 4541 1443 4602 aut

250 4639 304 4710 alii
312 4637 550 4708 subordinatum
558 4647 616 4726 est,
630 4644 685 4708 sed
693 4644 869 4714 immediate
883 4645 1046 4714 descondit
1057 4650 1124 4714 tum
1137 4647 1432 4736 rememoratio·
