3118 5282
1214 431 1292 516 373

113 594 208 678 pleno
225 595 311 660 tonte
327 594 465 658 derivata
490 596 523 658 et
536 593 626 658 libris
642 593 822 678 symbolicis
845 595 1029 684 consignata
1049 618 1118 664 cum
1138 599 1295 672 illimitata

114 723 142 768 s.
161 702 357 788 scripturam
378 703 604 788 interpretandi
625 701 772 768 libertate
788 723 807 768 a
821 704 1080 772 reformatoribus
1095 709 1194 776 cuivis
1218 733 1295 776 con-

117 830 210 876 cessa
225 817 311 877 stare
333 834 395 878 non
416 817 558 896 poterat,
585 811 845 894 Protestantium,
873 813 1123 882 bntberauorum
1143 818 1296 902 inprimis,

118 921 267 986 doctores
283 941 354 986 mor
369 941 448 1006 opus
463 942 534 988 esse
555 921 783 1003 intellexerunt,
799 925 835 985 ot
856 923 997 1010 exegesis
1012 923 1127 990 biblica
1146 929 1298 1012 symbolis

117 1029 281 1094 Ecclesiae
303 1030 527 1114 subjiceretur,
551 1034 644 1115 atquo
669 1049 794 1097 sumum
821 1031 957 1114 partium
983 1031 1175 1116 interpretes
1202 1038 1240 1100 ad
1262 1056 1300 1102 ea

38 1205 39 1210 ἵ
116 1139 277 1221 respicere
292 1144 485 1206 tenerentur.
508 1141 596 1220 Quae
610 1139 880 1222 interpretationis
896 1161 1023 1222 norma,
1048 1143 1215 1226 conjuncta
1231 1167 1299 1210 cnm

117 1244 180 1310 lide
202 1247 323 1312 divinae
344 1247 475 1333 originis
499 1267 525 1312 s.
550 1246 752 1332 Scripturas,
779 1247 924 1330 quamdiu
946 1249 1088 1332 duravit,
1116 1250 1238 1331 effecit,
1265 1257 1302 1319 ut

115 1353 374 1420 Aoatholicorum
397 1354 538 1442 exegesis
562 1377 631 1420 cnm
654 1356 785 1438 quadam
802 1355 1082 1441 circumspectione
1104 1379 1141 1424 ae
1156 1362 1301 1426 modera-

117 1463 205 1530 tione
230 1464 434 1548 procederet,
461 1485 518 1530 nec
550 1485 671 1528 omnem
696 1484 821 1530 sensum
855 1467 1022 1550 mysticum
1046 1469 1244 1550 repudiaret,
1268 1475 1302 1536 et

115 1573 289 1657 generatim
312 1572 406 1658 longa
432 1573 533 1638 aliem
560 1575 647 1638 osset
672 1571 711 1636 ab
738 1593 776 1638 ea
790 1574 919 1638 audacia
934 1594 1055 1640 omnem
1069 1576 1193 1642 modum
1209 1599 1302 1644 erce·
1388 1583 1396 1608 l

118 1682 223 1760 dente,
239 1701 319 1764 qnae
333 1682 506 1746 recentiori
522 1703 597 1748 aevo
613 1682 696 1748 iuter
712 1680 785 1746 illos
800 1681 942 1746 invaluit.

207 1789 249 1854 At
270 1789 371 1854 altero
392 1790 512 1854 saecoli
534 1790 644 1854 XVlll.
661 1789 788 1854 dimidio
810 1810 889 1856 nova
911 1789 995 1854 inter
1008 1789 1228 1858 Protestantes
1247 1812 1303 1858 rs·

118 1894 206 1960 tione
240 1897 511 1981 interpretationis
541 1896 674 1962 biblicae
701 1895 807 1980 coepit
841 1897 971 1980 epocha.
1016 1895 1095 1960 Cum
1124 1896 1204 1962 eninr
1238 1898 1301 1964 hoo

118 2008 261 2087 tempore
282 2004 434 2090 singulari
455 2005 559 2070 studio
586 2009 733 2070 auctores
758 2001 883 2068 classici
911 2003 1106 2086 colerentur,
1133 2007 1226 2074 etad
1247 2027 1304 2074 eos

117 2112 370 2194 interpretandos
384 2113 513 2200 regulae
528 2111 778 2180 hermeneutieae
793 2116 1018 2196 statuerentur,
1043 2113 1207 2196 principia,
1234 2115 1305 2200 qni-

119 2221 180 2284 bns
200 2222 279 2286 baec
309 2221 528 2306 interpretatio
555 2221 687 2305 prolana
711 2219 782 2306 regi
805 2219 943 2300 solebat,
968 2219 1061 2284 etiam
1085 2221 1124 2286 ad
1146 2223 1304 2306 explican-

120 2331 179 2394 dos
194 2328 294 2398 libros
310 2350 418 2396 sacros
434 2329 713 2413 transferebantur,
728 2328 834 2414 posito
846 2328 1001 2412 principio
1016 2329 1174 2414 generali:
1191 2331 1304 2416 Scrip-

118 2444 221 2501 turam
252 2437 335 2501 sicut
364 2439 502 2522 quemvis
536 2438 630 2502 alium
658 2437 771 2502 librum
800 2439 995 2502 tractandam
1018 2457 1056 2502 ac
1085 2441 1305 2524 exponendam,

120 2550 152 2608 et
175 2545 267 2628 proin
290 2545 405 2610 nullam
428 2547 519 2630 plane
543 2545 735 2612 sublimioris
758 2543 827 2628 ejus
849 2546 964 2612 indolis
987 2566 1024 2610 ao
1047 2544 1122 2611 lidei
1144 2548 1305 2616 Ecclesiae

118 2653 272 2718 rationem
308 2674 379 2718 csse
402 2655 582 2720 habendum.
621 2655 711 2719 Nova
737 2654 965 2738 interpretandi
998 2653 1107 2718 scbola
1126 2655 1201 2722 inde
1225 2663 1305 2739 orta,

119 2785 209 2848 quam
231 2767 669 2846 mammonae-bastoneam
693 2765 782 2850 quasi
814 2783 872 2846 per
903 2763 1118 2842 eminentiam,
1154 2769 1305 2850 utpotea

119 2871 268 2938 subsidiis
298 2872 541 2938 hermeneuticis
571 2873 694 2938 altioris
724 2871 844 2936 ordinis
873 2871 1002 2936 liberam
1039 2870 1200 2954 dicebant,
1229 2874 1305 2940 licet

118 3001 155 3043 er
178 3001 240 3044 una
268 2987 359 3063 parte
382 2983 464 3046 baud
493 3002 601 3065 parum
632 2980 780 3047 utilitatis
803 2979 1017 3064 praestiterit,
1051 2979 1136 3062 qnod
1164 2981 1203 3044 ad
1233 2987 1304 3046 stu·

117 3089 202 3152 dium
223 3089 482 3154 Hermenentieae
504 3090 690 3155 universalis
712 3089 879 3166 excitaret,
901 3106 1031 3168 eamque
1052 3087 1092 3150 ad
1114 3087 1305 3172 interpreta-

117 3199 235 3261 tionem
265 3197 410 3263 biblicam
439 3199 598 3282 applicare
628 3201 769 3278 doceret,
801 3218 838 3261 er
860 3195 962 3259 altera
990 3199 1094 3258 tamen
1116 3201 1207 3278 parte
1230 3197 1302 3280 plu-

117 3305 229 3370 rimum
245 3307 371 3391 nocuit,
395 3309 477 3392 qnod
505 3307 569 3372 illis
595 3307 695 3372 solum
725 3303 954 3388 interpretandi
977 3301 1110 3388 legibus,
1128 3321 1207 3388 quae
1231 3325 1303 3370 ere-

116 3415 186 3498 gesi
209 3415 342 3482 biblicae
366 3438 434 3482 cum
465 3417 596 3502 prolana
621 3435 797 3480 communes
828 3415 917 3492 sont,
952 3407 1103 3474 insistens
1135 3432 1161 3474 s.
1190 3411 1303 3495 Scrip-

116 3527 220 3588 turam
246 3523 365 3604 diviua,
393 3547 473 3608 quae
490 3525 521 3590 ei
535 3523 703 3609 peculiaris
720 3527 786 3602 est,
807 3520 915 3590 indole,
928 3539 964 3582 ac
980 3519 1148 3584 sanctitate
1164 3527 1303 3602 exueret,

116 3652 185 3695 eam
209 3633 324 3697 sensim
347 3655 404 3699 sua
426 3632 567 3700 efficacia
587 3633 743 3717 privaret,
775 3635 808 3694 et
837 3627 956 3711 rejecta
980 3626 1088 3710 quavis
1111 3628 1301 3696 auctoritate

117 3742 148 3802 in
172 3742 317 3826 erogesin
350 3743 495 3807 biblicam
530 3717 646 3806 tantam
670 3738 822 3824 quidlibet
852 3735 984 3800 audendi
1017 3732 1176 3798 licentiam
1199 3736 1301 3802 intro·

117 3860 263 3938 duceret,
294 3857 329 3915 ot
353 3851 509 3917 eliminata
533 3849 614 3914 omni
637 3845 782 3911 doctrina
805 3845 942 3908 revelata
973 3842 1005 3904 io
1036 3839 1146 3905 llibliis
1175 3845 1301 3910 nonnisi

113 3939 268 4053 ‘quaedam
290 3964 411 4030 incerta
433 3960 595 4046 religionis
624 3955 776 4022 naturalis
799 3953 916 4038 placita
937 3947 1192 4038 remanereot²)‚
1228 3973 1301 4015 cor-

117 4077 259 4142 datiores
274 4071 516 4136 Protestantium
544 4069 709 4146 doctores,
734 4064 788 4148 qui
803 4065 881 4128 banc
896 4059 1054 4146 indignam
1072 4079 1098 4122 θ·
1116 4057 1301 4140 Scripturas

116 4185 354 4261 tractationem,
382 4199 443 4264 qua
469 4179 507 4241 ad
533 4177 644 4240 literas
659 4193 744 4236 mere
770 4169 916 4254 profanas
940 4165 1299 4249 assumtuminpro-

115 4297 249 4377 babant,
283 4296 319 4353 ut
352 4290 425 4354 buic
460 4285 570 4348 abusui
603 4278 871 4363 interpretationis
905 4272 1298 4362 grammatico-historicae

116 4405 327 4479 mederentur,
350 4397 382 4460 in
408 4397 539 4459 alterum
566 4395 736 4456 extremum
763 4387 968 4462 devenerunt,
991 4381 1074 4464 quod
1089 4375 1204 4464 ubique
1220 4402 1299 4444 non·

115 4515 178 4578 nisi
195 4510 378 4591 scripturae
395 4502 539 4587 spiritum
555 4499 759 4582 quaerentes,
786 4493 870 4556 illam
886 4487 1175 4572 interpretationem
1191 4479 1299 4575 'negli-

112 4626 228 4710 gerent
263 4621 316 4681 aut
349 4614 442 4698 plane
474 4607 689 4693 repudiarent,
725 4600 891 4669 arbitraria
924 4594 1156 4682 interpretandi,
1171 4595 1297 4663 ratione
