3190 5290
272 341 329 434 '28

273 541 492 626 grammaticas
514 545 546 605 et
566 539 739 625 scriptores
758 537 822 624 jam
847 539 979 606 excultis
1003 543 1113 606 abesse
1137 542 1248 606 soient.
1286 541 1463 628 cujusmodi

276 652 464 714 mutationes
488 653 663 734 prodeunt:

368 763 397 824 l.
411 763 442 824 Α
452 771 605 844 ternpore,
619 781 750 843 quocum
764 785 856 826 voces
870 763 947 826 aliae
961 763 1173 846 obsolescunt,
1186 763 1265 827 aliae
1274 763 1465 846 adolescunt,

275 871 345 934 aliis
362 891 458 934 novae
475 871 627 934 accedunt
642 869 905 956 significationes,
931 871 1119 936 dictionibus
1135 873 1205 936 aliis
1221 873 1406 936 valedicitur
1419 868 1465 957 ¹),

366 984 398 1046 2.
423 1003 445 1045 a
467 985 602 1064 reptcnc
618 991 649 1046 et
663 985 749 1062 loco,
772 983 817 1044 ita
834 986 869 1044 ut
885 983 991 1044 eadem
1008 982 1112 1066 lingua
1128 1003 1187 1066 pro
1204 982 1385 1044 diversitate
1401 981 1466 1066 pla·

276 1113 385 1177 garum
402 1095 433 1154 et
450 1092 589 1156 locorum
606 1092 676 1176 pius
693 1093 830 1156 minusve
843 1093 992 1170 dissonet,
1005 1097 1036 1154 et
1052 1093 1082 1156 in
1095 1092 1172 1155 alias
1185 1097 1279 1174 atque
1289 1092 1366 1154 elias
1378 1093 1467 1156 abeat

276 1201 444 1282 dialectos,
470 1221 549 1283 quae
566 1224 626 1264 non
643 1207 761 1266 tautum
778 1203 808 1265 in
825 1203 1008 1284 quibusdam
1029 1201 1183 1284 minutiis,
1207 1201 1239 1264 id
1256 1207 1305 1264 est
1321 1199 1422 1264 literis
1439 1207 1468 1262 et

276 1311 476 1392 flexionibus,
500 1312 555 1375 scd
574 1313 666 1376 etiam
683 1312 714 1375 in
728 1311 806 1395 ipsis
823 1312 952 1374 vocibus
968 1331 1135 1393 earumque
1150 1311 1328 1374 notionibus
1345 1314 1377 1373 et
1394 1333 1468 1374 cun·

279 1421 506 1484 structionibus
530 1422 709 1505 discrepent
720 1411 770 1506 ²),

368 1533 401 1596 3.
426 1553 448 1595 u
468 1535 642 1616 relictoue,
665 1541 756 1596 secta
773 1533 1014 1613 etdiseiptina,
1040 1532 1089 1594 cui
1116 1551 1341 1612 nonnumquam
1358 1529 1470 1593 desunt
1547 1533 1548 1554 ¹

277 1641 500 1722 respondentes
520 1641 847 1724 reconciliationes,
872 1661 933 1722 quo
957 1639 1010 1720 tit,
1035 1645 1070 1703 ut
1093 1639 1309 1722 expressiones
1332 1661 1471 1704 coruinu-

280 1767 351 1832 nes,
375 1751 427 1812 ubi
444 1751 482 1812 dc
498 1750 650 1836 religione
666 1771 768 1813 sermo
785 1754 849 1832 est,
872 1749 962 1812 aliam
979 1749 1039 1812 vim
1056 1751 1204 1831 habeant,
1221 1747 1270 1811 vet
1287 1749 1380 1812 etiam
1397 1769 1473 1811 nova

278 1859 429 1924 vocabule
452 1853 668 1947 cudentur⁸);

371 1970 404 2034 4.
428 1993 450 2036 a
466 1972 636 2053 republica
649 1973 739 2036 cicili
748 1983 780 2036 et
792 1975 1029 2054 ecclesiastico,
1045 1991 1105 2054 pro
1119 1969 1207 2053 eujus
1220 1969 1341 2034 diversa
1353 1971 1473 2032 ratione
1549 1989 1550 2000 ³

237 2103 239 2108 ¹
282 2081 423 2144 diuersae
440 2103 550 2144 vocum
568 2084 709 2147 notiones
727 2087 914 2148 enascuntur
926 2079 978 2169 ⁸)3

372 2191 404 2254 5.
428 2211 446 2252 e
468 2193 536 2256 viso
559 2198 736 2275 comrocoi,
762 2213 797 2255 ex
822 2213 883 2276 qua
905 2193 1020 2276 passim
1046 2192 1138 2255 etiam
1162 2189 1305 2254 inlibris
1329 2211 1424 2253 voces
1445 2192 1474 2249 et

282 2300 436 2362 dictiones
452 2299 633 2384 depromtae
649 2309 839 2386 usurpantur
851 2301 893 2389 ὅ).

372 2409 404 2472 o.
430 2408 568 2492 licinique
595 2430 670 2474 usus
697 2411 844 2493 loquendi
870 2409 1095 2493 quodammodo
1124 2410 1216 2473 etiam
1251 2409 1475 2474 determinatur

283 2539 305 2582 a
321 2520 490 2600 scriptore.
525 2519 672 2598 Quamvis
689 2520 768 2584 enim
785 2524 896 2584 auctor
910 2541 1025 2606 genere
1042 2519 1165 2582 dicendi
1181 2521 1214 2580 ct
1229 2515 1385 2580 scribendi
1402 2537 1475 2580 suae

283 2627 396 2690 aetatis
413 2647 486 2690 usus
502 2631 653 2712 ponatur,
670 2649 728 2714 pro
745 2629 868 2716 ingenio
883 2634 985 2693 tamen
1003 2649 1077 2709 suo,
1094 2649 1150 2692 nec
1167 2649 1228 2690 non
1245 2627 1421 2690 eruditione
1438 2627 1474 2690 ab

285 2757 322 2799 co
336 2736 519 2800 discessisse
531 2739 629 2802 videri
640 2742 763 2823 potest,
781 2761 841 2821 quo
852 2738 898 2822 iit,
912 2744 947 2801 ut
958 2740 989 2802 in
1000 2737 1130 2822 singulis
1144 2734 1279 2818 ejusdem
1293 2735 1360 2798 aevi
1373 2737 1474 2819 scrip-

282 2845 406 2908 toribus
439 2869 533 2912 voces
558 2854 590 2912 et
618 2849 772 2913 dictiones
794 2871 869 2933 prae
898 2849 1031 2912 coeteris
1056 2851 1239 2930 usurpatae,
1277 2850 1331 2908 aut
1370 2865 1474 2932 carpam

284 2957 386 3040 quoed
400 2977 488 3022 usum
501 2961 644 3023 tenuiora
656 2959 832 3023 discrimina
849 2959 1040 3024 observando
1056 2961 1088 3020 et
1104 2955 1236 3020 tenenda
1253 2960 1422 3019 occurrant
1434 2948 1476 3041 ⁶).

312 3157 337 3229 ¹)
357 3163 400 3212 Sic
428 3169 472 3228 ’tto
487 3167 546 3229 111313
565 3168 678 3226 tempore
697 3165 778 3214 itioris
807 3169 849 3214 est
873 3179 924 3215 oro
944 3165 1096 3220 maritimo,
1117 3166 1223 3213 tructus
1242 3163 1414 3222 maritimus,
1437 3164 1475 3208 in·

357 3257 447 3316 primia
468 3259 545 3308 maris
565 3258 757 3306 mediterranei.
779 3257 875 3306 Postea
893 3259 982 3306 eadem
1001 3269 1051 3303 vox
1070 3269 1119 3316 pro
1138 3249 1289 3317 quacunque
1306 3254 1418 3316 cepione
1430 3268 1473 3300 rc·

358 3351 430 3396 mota
448 3349 603 3404 adhibetur,
628 3351 723 3398 Genes.
744 3350 780 3410 ΙΙ,
801 3350 826 3396 5.
847 3349 940 3396 Psaim.
961 3350 1057 3404 cxxii,
1079 3351 1122 3395 1⁰.
1142 3348 1247 3410 XGVii,
1275 3351 1308 3408 13
1336 3347 1476 3394 recentiori

358 3443 442 3487 autem
461 3453 525 3488 aevo
544 3440 658 3488 insutum
677 3442 801 3496 denotat,
832 3441 905 3486 lieth.
926 3440 963 3495 ΙΙ,
986 3443 1010 3486 Ι.
1030 3441 1113 3486 Porro
1133 3442 1221 3501 witti}
1242 3439 1303 3488 dcte·
1322 3438 1363 3484 vel
1383 3435 1477 3485 dococti

358 3531 423 3578 Most
442 3533 502 3577 sunt
520 3529 633 3586 Levitae,
653 3531 726 3577 Num.
748 3531 793 3592 iii,
816 3533 858 3577 ΙΙΙ.
879 3531 934 3590 vii,
956 3533 999 3576 17.
1022 3532 1082 3590 194
1100 3534 1142 3578 ast
1160 3533 1222 3590 post
1240 3529 1342 3578 exitium
1360 3529 1409 3576 boc
1430 3542 1476 3575 nc-

360 3625 428 3672 mins
447 3624 495 3670 sub
515 3625 596 3672 torma
615 3627 703 3697 0⁹³)in
723 3626 828 3672 veniunt
846 3621 981 3685 mancipia
998 3622 1095 3680 tempto
1114 3623 1219 3683 donata,
1238 3623 1300 3670 Eur.
1315 3623 1348 3678 ΙΙ,
1362 3623 1476 3671 13-59.

360 3719 404 3764 70.
425 3715 495 3777 viii,
519 3717 632 3766 17-21.
652 3714 830 3764 Germanicum
849 3712 930 3774 Pras,
949 3715 1017 3774 quod
1037 3725 1106 3760 nunc
1125 3716 1211 3760 nomm
1230 3713 1368 3774 despectus
1392 3713 1474 3760 invoi-

359 3811 405 3863 vit,
431 3812 491 3856 ante
510 3809 560 3856 tria
584 3809 688 3856 saecula
711 3807 777 3854 bane
793 3807 923 3854 audiebat.
942 3830 972 3842 -
994 3806 1032 3854 De
1048 3805 1097 3852 hac
1115 3805 1256 3854 mobilitate
1271 3818 1335 3854 usus
1354 3806 1474 3866 loquendi

360 3902 543 3958 Horatius,
564 3902 602 3949 De
621 3903 677 3948 arte
696 3899 799 3959 poetica
818 3898 887 3944 canit
904 3911 929 3944 v.
950 3897 1076 3946 rto-⁷2:

468 3992 567 4052 „Mults
585 3995 765 4053 renascentur,
787 4003 851 4050 quae
868 3991 921 4051 jam
941 3990 1070 4050 cecidere,
1090 3989 1241 4048 cedentque,

469 4086 539 4144 Quae
558 4097 625 4131 nunc
644 4086 704 4130 sunt
723 4083 747 4128 in
767 4083 867 4128 honore
885 4079 1016 4137 voeabula,
1037 4080 1061 4128 si
1079 4081 1151 4128 solet
1169 4091 1242 4139 usus,

470 4177 548 4238 Quem
568 4189 648 4234 penca
668 4174 802 4224 arbitrium
823 4176 864 4222 cst
883 4175 910 4220 et
925 4171 969 4232 jus
989 4175 1016 4220 et
1034 4183 1123 4218 norma
1141 4168 1294 4232 loquendi·”

316 4266 342 4336 ²)
364 4271 400 4318 ita
420 4283 445 4318 e.
466 4283 490 4330 g.
511 4263 590 4331 νομὸς
610 4267 641 4328 (Ι.
663 4282 687 4327 q.
707 4263 787 4330 νομὴ)
806 4278 955 4327 pascuum,
975 4267 1067 4323 iocus,
1087 4263 1130 4310 ubi
1149 4264 1264 4323 pascitur
1283 4271 1374 4322 pecus,
1394 4261 1473 4310 scirem

362 4362 495 4424 Aegyptus
517 4361 672 4420 districtus,
700 4356 880 4420 praefectura
906 4361 955 4404 est.
992 4353 1101 4402 Dialeett
1121 4351 1276 4400 Graecorum
1303 4356 1379 4401 notae
1407 4355 1473 4400 suin.

363 4454 440 4508 coni.
461 4456 537 4502 etiam
555 4454 616 4502 Jud.
636 4453 692 4512 ΙΙΙΙ,
713 4453 737 4497 s.
758 4449 849 4496 Mettis.
870 4447 956 4508 xxvi,
977 4448 1020 4493 73.

316 4543 342 4615 ³)
363 4551 417 4596 tius
436 4551 537 4609 spectat
556 4559 581 4593 e.
602 4557 626 4604 g.
647 4543 732 4617 nuptm·
762 4540 828 4600 quod
846 4538 986 4599 generatim
1007 4534 1401 4598 donum,b1osif'ertumest,
1423 4534 1473 4583 Ge-

360 4655 418 4696 nea.
447 4641 490 4699 tv,
520 4641 546 4689 3.
570 4636 653 4686 licvit.
680 4637 712 4696 ii,
741 4635 765 4682 1.
784 4631 859 4678 Num.
879 4627 930 4685 XV,
950 4619 1127 4704 s-tqutgu·
1147 4629 1215 4690 quod
1233 4627 1260 4676 in
1279 4627 1333 4677 vite
1351 4627 1472 4677 communi
