3118 5282
1245 455 1317 532 351

209 637 240 692 ile
259 643 381 704 Christo,
401 639 509 704 ejusque
530 639 656 702 religione
684 647 710 688 et
729 639 846 690 ilcclesie
872 644 1053 702 exponunturg
1085 639 1275 688 Commentario·
1294 640 1322 686 ia

207 735 345 792 iconiam,
366 739 392 783 et
412 731 441 782 ta
468 734 606 783 duodecim
628 734 776 798 propbetas
802 732 937 789 minores,
964 732 1057 792 qulbus
1087 743 1181 778 seusus
1213 731 1323 778 literalis

207 827 368 884 potissimum
387 826 539 884 indagatur,
559 823 671 882 denique
686 823 718 870 11
740 823 808 870 libri
823 821 1082 869 Commentariorum
1101 821 1130 868 ia
1149 821 1323 882 Campatium

206 915 341 976 toassin,
361 915 454 975 quibus
473 915 533 960 hinc
553 915 612 960 inde
632 913 809 972 expositiones
837 912 990 970 allegoricae
1012 913 1178 966 inseruntur,
1207 911 1232 957 in
1257 912 1322 958 locis

208 1009 290 1052 teman
310 1017 361 1054 non
381 1005 478 1064 paucis,
496 1005 675 1064 interpretatio
695 1013 798 1062 quoque
815 1003 926 1048 literalis
943 1013 994 1047 non
1012 1001 1160 1061 negligitur.

264 1113 440 1174 Gregorii,
467 1115 511 1174 qul
531 1115 623 1161 merito
642 1113 717 1158 etism
744 1113 813 1158 inter
838 1111 979 1170 discipulos
1006 1110 1115 1158 Scholse
1140 1111 1325 1159 Alexandrinae

209 1205 302 1252 reterri
320 1209 448 1265 possunt,
466 1207 543 1251 sunta
564 1203 772 1263 Gregorius
791 1202 1088 1260 resumamus,
1107 1203 1138 1248 ab
1160 1201 1223 1250 urbe
1241 1205 1326 1262 patria

214 1294 612 1342 etlamlieocsessneensis
630 1295 834 1352 cognominatus,
849 1293 892 1352 qui
901 1292 1021 1350 origenis
1035 1293 1060 1337 ln
1073 1292 1220 1339 Palaestine
1231 1295 1328 1341 iuren-

209 1387 242 1432 tie
263 1384 405 1444 discipulus
434 1383 623 1447 paraphrasin
648 1383 677 1430 ta
702 1382 887 1430 Ecclesiasten
908 1383 1033 1440 scripsit3
1060 1381 1120 1428 dein
1140 1381 1327 1441 Gregorius

208 1475 470 1534 Nazianzenus,
489 1475 566 1520 etiam
577 1473 766 1532 'theologus
783 1474 878 1533 dietus,
899 1473 944 1532 qul
960 1473 1067 1530 reliquit
1081 1479 1186 1530 praeter
1198 1472 1249 1518 alla
1261 1485 1327 1518 ora·

210 1563 296 1612 uomet
312 1577 431 1624 sacros,
445 1564 555 1610 (liversis
573 1562 754 1612 occasionibus
769 1563 870 1609 babitus
890 1561 972 1622 (coni.
989 1573 1069 1620 supra
1087 1561 1111 1620 s.
1124 1562 1184 1608 tre.
1199 1565 1252 1608 not.
1270 1562 1327 1622 2.)3

208 1655 321 1714 lienique
341 1653 530 1714 Gregorius
557 1656 750 1713 nyssenus,
770 1653 803 1698 tle
822 1652 896 1712 culus
914 1651 1046 1698 laboribus
1064 1651 1200 1710 exegeticis
1220 1655 1329 1708 praeter

208 1746 308 1794 libram
335 1747 368 1793 de
398 1746 454 1794 aito
481 1746 579 1801 liceis,
607 1748 651 1806 qui
678 1745 908 1802 interpretationes
929 1743 1083 1802 allegoricas
1104 1745 1130 1788 et
1153 1743 1326 1801 tropologicae

207 1838 331 1883 historiae
350 1836 432 1884 iliosis
452 1839 581 1893 continet,
602 1835 794 1884 commemorari
813 1837 937 1894 possunt:
961 1833 1108 1890 Tractotae
1129 1833 1180 1880 dcto
1199 1832 1228 1885 ia
1247 1833 1329 1880 Psel-

207 1939 314 1974 morem
330 1925 534 1989 inscriptiones,
554 1931 580 1974 et
598 1925 730 1974 iiomiliae
744 1925 774 1973 is
791 1923 973 1972 Eccieeioetm
989 1925 1015 1970 et
1029 1919 1141 1970 Coatt'ec
1157 1921 1329 1970 cantieorum

210 2015 381 2074 Solomonis,
418 2016 446 2064 im
479 2017 631 2066 orationem
664 2015 824 2064 domimcom
855 2017 880 2060 et
909 2017 969 2062 ocio
1003 2012 1192 2062 beatitudines.
1230 2013 1327 2060 Omnes

208 2107 240 2154 etl
258 2106 376 2166 origenis
406 2108 545 2166 exemplum
581 2107 672 2154 morali
706 2105 869 2166 potissimum
893 2109 919 2152 et
940 2107 1082 2164 allegorice
1110 2103 1329 2164 interpretatione

210 2198 251 2246 usi
273 2202 343 2245 suut.

433 2413 461 2479 s.
479 2408 540 2467 toa.
556 2408 652 2467 sobole
667 2408 868 2481 interpretandi
884 2408 1053 2466 Antiocheno

231 2595 348 2661 Schola
363 2587 592 2680 interpretandi
608 2598 804 2660 Antiocheno
820 2615 930 2660 nomen
948 2595 1071 2678 accepit
1087 2594 1125 2657 ab
1146 2593 1331 2672 Antiochia,

136 2706 242 2770 totius
260 2705 373 2790 Syriae
389 2701 567 2788 metropoli,
593 2725 672 2788 quac
684 2705 748 2786 jam
763 2709 916 2788 temporo,
933 2725 995 2787 quo
1012 2701 1124 2787 religio
1139 2691 1198 2786 per
1214 2701 1334 2766 Christi

138 2815 311 2898 Apostolos
326 2813 498 2896 propagari
516 2811 633 2894 coepit,
660 2814 771 2876 eximia
795 2813 907 2876 artium
930 2816 961 2874 et
985 2811 1186 2874 scientiarum
1209 2810 1334 2873 cultura

139 2924 274 2988 celebris
291 2928 359 2986 erat
376 2919 418 3005 ¹).
443 2919 523 2982 Hinc
540 2921 652 2982 mirum
669 2941 731 2984 non
749 2926 813 2999 est,
835 2924 918 2982 teste
934 2918 1067 2982 historia
1083 2917 1283 3002 Evangelium
1299 2919 1331 2980 in

139 3009 292 3096 haourbc
307 3034 428 3112 postea,
454 3049 523 3090 cum
546 3028 793 3107 annuntiaretur,
814 3027 909 3092 hilari
932 3047 1000 3090 cum
1024 3026 1249 3108 promtituliiue
1268 3021 1332 3088 'ati-

139 3141 278 3218 missum,
302 3159 372 3200 mox
387 3141 505 3200 tantam
522 3135 751 3199 multitudinem
768 3138 806 3198 ad
823 3137 911 3220 signa
934 3134 1054 3198 Christi
1078 3135 1273 3216 perduxisse,
1298 3141 1333 3196 ut

141 3247 287 3332 discipuli
303 3246 353 3308 hic
370 3241 502 3328 primum
519 3242 750 3307 Christiani
766 3249 962 3307 vocarentur.
980 3242 1127 3305 Paulus
1144 3247 1176 3304 et
1187 3243 1333 3304 Rorna-

138 3357 219 3438 bas,
251 3375 308 3437 per
323 3354 480 3438 integrum
498 3373 610 3414 anuum
627 3353 774 3416 continuo
791 3353 873 3415 inter
896 3352 1126 3414 Antiochenses
1149 3353 1333 3422 commorati

139 3470 171 3528 et
186 3464 302 3526 iterato
320 3462 359 3524 all
374 3461 449 3524 illos
465 3461 620 3545 regressi,
642 3460 828 3524 hauddubie
844 3481 933 3524 suum
961 3460 1105 3542 spiritum
1134 3465 1165 3522 ot
1191 3460 1329 3542 pruden-

144 3577 207 3634 tem
224 3554 271 3632 rei
289 3567 476 3632 christianae
492 3569 712 3632 tractationem
729 3569 767 3631 ad
783 3569 921 3632 muneris
937 3569 1105 3650 apostolici
1120 3569 1153 3630 in
1173 3567 1232 3629 hac
1254 3567 1332 3628 urbe

143 3695 348 3742 successores
363 3675 615 3759 transmiserunt,
633 3685 668 3738 ut
684 3669 853 3759 propterea
870 3677 962 3741 etiam
978 3683 1053 3760 post
1078 3697 1185 3741 eorum
1197 3701 1198 3705 ¹
1211 3675 1333 3739 ‹lieces-

140 3807 207 3849 sum
233 3784 372 3870 longiori
394 3784 494 3847 adhuc
516 3790 659 3866 tempore
684 3783 714 3845 iu
738 3785 916 3870 religiosam
938 3783 1099 3849 Ecclesiae
1114 3781 1329 3848 Antiochense

139 3891 371 3958 institutionem
386 3892 533 3956 virtutem
550 3894 734 3973 exercerent
747 3885 788 3978 ²¹).
1096 3967 1110 3982 κ

232 4001 267 4064 S.
296 3999 481 4084 Scripturas
505 4000 797 4082 interpretationem
821 4004 905 4086 quod
919 4002 1049 4084 ,attinet
1075 4002 1196 4067 Schola
1216 4001 1331 4065 Actio-

140 4115 243 4176 cheno
260 4109 481 4195 allegoriarum
499 4110 636 4172 studium
653 4131 715 4172 non
732 4111 855 4192 quidem
875 4129 1012 4192 prorsus
1034 4110 1234 4193 reprobabat,
1259 4127 1332 4170 sen-

139 4240 207 4283 sum
223 4224 327 4281 tamen
343 4217 498 4308 literalem
513 4217 655 4300 inprimis
681 4220 862 4281 sectabatur
885 4220 923 4280 ad
950 4219 1113 4282 maximum
1136 4217 1330 4280 commodum

139 4327 292 4392 scientiae
308 4326 518 4412 theologicae,
544 4327 594 4389 cui
611 4315 765 4408 ejusmodi
782 4325 937 4410 expositio
954 4333 1026 4412 apta
1042 4329 1080 4390 ad
1096 4327 1241 4411 dogmata
1255 4322 1333 4386 fidei

140 4443 310 4500 cimorum
327 4435 557 4516 comprobanda
583 4439 764 4520 argumenta
780 4459 797 4498 e
815 4435 914 4498 sacris
935 4435 1037 4499 literis
1062 4435 1251 4518 suppeditat.
1285 4433 1334 4493 Ad

136 4542 385 4627 praestantiores
403 4543 538 4605 Scholae
551 4542 765 4606 Antiochenac
778 4543 967 4624 interpretes
980 4548 1196 4605 numerantur:
1214 4540 1333 4603 Joan-

139 4672 206 4714 nes
234 4649 564 4731 Chrysostomus,
583 4649 1022 4726 isidorusPelusiota,
1045 4650 1335 4730 Theodorctua,
