3092 5286
234 424 310 500 iai

325 601 358 666 2.
381 599 475 666 Ratio
498 601 650 666 habeatur
675 603 857 680 contextus,
880 600 935 684 qui
956 599 1045 666 vario
1060 601 1153 667 modo
1171 601 1350 667 orationem
1366 602 1427 665 im·

245 709 404 796 propriam
429 729 500 774 esse
522 709 648 774 iudicat.
673 709 714 773 itt
729 709 862 794 primum
878 709 1019 794 quidem,
1043 710 1072 774 si
1095 709 1271 795 subjectum
1289 717 1323 776 et
1341 731 1429 794 prae-

246 819 382 884 dicatum
400 817 536 902 ejusdem
560 816 786 903 propositionis
810 817 855 881 ita
883 824 1064 902 comparata
1093 840 1163 884 esse
1192 820 1429 903 deprehendun-

243 933 315 1007 tur,
346 931 382 990 ut
410 927 543 992 alterum
572 927 666 990 alteri
693 925 824 1011 proprie
852 927 1018 992 convenire
1048 948 1110 992 non
1138 928 1259 1012 possit,
1294 928 1427 992 alterum

240 1034 398 1118 tropicum
427 1033 600 1098 habendum
635 1035 715 1116 erit,
754 1034 919 1099 dummodo
948 1040 1114 1120 utrumque
1142 1035 1222 1100 hene
1253 1035 1430 1120 cognitum,

237 1147 270 1206 et
291 1142 512 1229 repugnantia,
543 1161 622 1225 quae
656 1163 694 1206 ex
721 1140 951 1227 significatione
980 1142 1111 1228 propria
1142 1141 1237 1206 alteri
1269 1143 1431 1224 adscripta

238 1250 391 1334 oriretur,
416 1255 525 1334 aperta
554 1249 596 1314 sit
623 1245 668 1339 ⁸).
704 1250 874 1317 Conclusio
906 1271 980 1315 vero
1014 1252 1052 1315 ad
1076 1249 1342 1338 significationem
1364 1257 1432 1315 trc-

239 1359 339 1444 picam
373 1357 508 1442 subjecti
534 1359 584 1422 vel
613 1358 803 1444 praedicati,
833 1357 968 1424 deducta
998 1379 1035 1424 ex
1058 1381 1183 1444 eorum,
1212 1360 1242 1424 si
1265 1366 1432 1442 utrumque

243 1467 372 1550 proprie
396 1467 588 1551 accipiatur,
611 1467 862 1532 contradictione
886 1467 1042 1551 duplicem
1071 1470 1286 1552 exceptionem
1318 1474 1433 1552 postu·

244 1574 299 1638 lat.
321 1575 510 1659 thuidcm
539 1575 671 1660 primum
695 1595 712 1638 c
735 1575 935 1658 praedicato,
967 1576 1051 1657 qnod
1085 1579 1241 1662 repugnat
1270 1574 1432 1658 subjecto,

244 1682 360 1747 inlerrc
382 1705 445 1747 nou
467 1684 561 1766 licet,
585 1683 663 1747 illud
684 1684 841 1766 tropicum
865 1703 956 1766 esse,
990 1684 1112 1766 quando
1143 1684 1275 1766 loquens
1308 1684 1432 1747 dehoc

244 1795 299 1856 aut
322 1813 431 1856 errore
455 1793 604 1878 deceptus
634 1796 689 1855 aut
718 1791 823 1857 studio
847 1792 959 1856 falsum
981 1793 1144 1878 praedicat
1158 1790 1202 1881 l).
1237 1793 1352 1857 hltera
1380 1813 1433 1854 ex·

242 1901 346 1986 ceptio
378 1901 418 1965 ad
453 1901 603 1985 mysteria
639 1899 728 1983 lidei,
765 1899 906 1984 inprimis
940 1900 1094 1986 duplicem
1133 1899 1253 1964 Christi
1290 1903 1433 1962 naturam

248 2015 388 2095 spectat,
411 2011 450 2076 de
473 2030 534 2093 qua
555 2011 588 2092 S.
607 2013 684 2077 168.
701 2031 804 2074 sermo
829 2010 900 2074 erit.
923 2010 1002 2074 Dein
1017 2015 1144 2094 praeter
1159 2009 1326 2092 indicium,
1352 2009 1434 2090 quod

247 2119 376 2183 collatio
402 2118 537 2203 subjecti
559 2125 591 2184 et
613 2118 786 2204 praedicati
808 2119 954 2204 praehet,
986 2119 1019 2182 in
1051 2119 1204 2183 orationis
1235 2117 1320 2180 serie
1352 2118 1435 2179 dicta

245 2227 328 2289 haud
351 2246 424 2290 raro
456 2228 616 2311 quaepiam
640 2227 701 2290 alia
723 2226 860 2310 adjecta,
899 2226 1114 2291 antecedentia
1135 2226 1186 2289 val
1210 2225 1433 2308 consequentia

244 2333 375 2415 habent,
400 2355 478 2418 quae
502 2335 540 2399 de
563 2337 744 2420 metaphora
768 2335 966 2422 cogitandum
990 2355 1060 2399 csse
1082 2333 1212 2398 innuunt
1228 2329 1271 2422 ⁵).

334 2445 367 2510 3.
391 2445 558 2507 Praeterea
581 2443 697 2507 iudicia
721 2462 830 2508 sensus
854 2443 999 2508 translati
1030 2447 1105 2509 sunt
1139 2442 1300 2526 loquentis
1323 2440 1434 2524 adjun-

246 2554 298 2616 cta
321 2555 414 2633 atquc
439 2551 619 2632 consilium,
643 2572 700 2617 nec
725 2573 787 2616 nou
810 2551 875 2617 loci
897 2552 1042 2637 paralleli
1065 2555 1098 2616 et
1121 2550 1266 2636 analogi,
1298 2550 1340 2613 dc
1364 2549 1432 2632 qui·

247 2659 305 2722 hus
328 2659 506 2744 singulatim
529 2660 595 2723 suis
617 2659 699 2724 locis
722 2661 838 2724 mentio
860 2658 917 2724 liet
940 2650 984 2748 ⁸).

336 2767 432 2832 llisca
455 2767 604 2831 subsidiis
627 2768 827 2851 metaphorae
850 2769 1033 2851 plerumque
1056 2765 1299 2853 dignoscuntur,
1327 2765 1375 2828 ita
1395 2769 1431 2826 ut

248 2895 321 2940 raro
345 2877 558 2940 tantummodo
582 2879 641 2942 hac
664 2877 703 2940 de
733 2895 769 2941 re
793 2876 919 2940 dubium
941 2876 1137 2958 relinquatur
1159 2867 1203 2962 ²).
1240 2875 1276 2936 ln
1313 2873 1432 2958 allego-

249 2982 499 3049 riis'difficultas
529 3007 755 3072 nonnumquam
786 2986 818 3049 in
849 3005 887 3050 eo
916 2986 1022 3070 posita
1050 2990 1115 3065 est,
1151 2984 1234 3066 quod
1262 3003 1325 3047 non
1357 2982 1432 3045 satis

248 3098 391 3176 constet,
415 3097 520 3158 utrum
543 3095 665 3179 singula
688 3095 838 3178 quaedam
862 3094 963 3178 dicta,
993 3113 1071 3176 quae
1102 3095 1140 3156 ad
1163 3091 1347 3177 allegoriam
1364 3110 1433 3154 cae·

248 3206 350 3266 tarum
373 3201 537 3266 referenda
562 3203 722 3282 videntur,
756 3202 880 3287 tropice
904 3221 942 3266 au
973 3200 1103 3286 proprie
1132 3198 1338 3283 intelligenda
1362 3198 1432 3260 sint.

248 3311 297 3373 hd
320 3329 411 3391 quam
434 3311 613 3375 solvendam
637 3315 778 3374 statuunt
802 3310 958 3395 regulamr
989 3310 1149 3392 „Tropum
1179 3305 1335 3390 suspicari
1358 3306 1432 3368 licet

248 3419 280 3482 in
304 3419 433 3504 singulis
456 3419 598 3503 partibus
623 3420 756 3502 aliquam
781 3439 852 3482 cum
875 3419 1020 3482 universa
1043 3416 1193 3502 allegoria
1213 3415 1432 3479 connexionem

250 3528 467 3593 habentibus.’'
492 3533 579 3608 Quae
603 3531 727 3612 quidam
750 3529 859 3614 regula
882 3530 1016 3612 aliquem
1038 3549 1128 3591 usum
1152 3525 1301 3609 praehet,
1324 3531 1376 3588 ast
1399 3545 1433 3586 en

249 3635 375 3699 cautius
398 3635 571 3700 adhibenda
595 3642 660 3721 est,
692 3657 754 3720 quo
777 3638 879 3701 minus
902 3638 971 3722 ipsa
1002 3635 1151 3700 connexio
1182 3653 1252 3696 curn
1282 3633 1433 3717 allegoria

250 3763 372 3826 semper·
388 3743 482 3806 duhio
500 3749 623 3824 carcat,
648 3750 679 3809 ct
703 3766 764 3828 quo
788 3745 930 3825 iacilius,
953 3744 1140 3828 pracsertim
1163 3743 1245 3826 apud
1268 3739 1435 3818 loannem,

248 3871 267 3913 a
290 3851 452 3916 translatis
475 3854 513 3916 ad
537 3853 669 3937 propria
692 3858 724 3917 et
747 3854 886 3918 vicissim
909 3857 1088 3917 transeatur
1104 3849 1147 3940 ⁸).

275 4012 298 4078 ¹)
318 4020 356 4063 lta
375 4030 432 4064 cum
450 4018 539 4065 hlatth.
559 4019 629 4076 llvl,
650 4021 675 4066 o.
696 4033 753 4081 sqq.
774 4019 878 4068 verbis:
909 4019 1005 4067 cavere
1029 4034 1046 4066 a
1068 4015 1202 4079 fermento
1225 4014 1435 4064 Pharisaeorum

323 4111 349 4155 ct
370 4107 601 4170 Sadducaeorum,
630 4111 750 4171 discipuli
771 4113 871 4158 Domini
898 4113 999 4169 tropice
1027 4109 1149 4156 admoniti
1177 4108 1304 4166 iniereat,
1333 4107 1364 4152 ut
1392 4105 1436 4152 sibi

322 4199 459 4258 diligenter
488 4205 610 4249 caverent
637 4214 652 4248 a
678 4202 871 4249 Pharisaeorum
899 4205 926 4248 et
948 4201 1156 4248 Sadducaeorum
1184 4197 1249 4246 laisa
1269 4199 1295 4244 et
1315 4207 1436 4255 peruersa

323 4289 456 4349 doctriua,
476 4292 649 4351 metaphoram
677 4296 736 4340 ante
763 4293 880 4352 magistri
906 4289 1105 4337 declarationem
1127 4300 1178 4334 uon
1197 4289 1374 4346 amoverunt,
1393 4285 1436 4332 eed

320 4380 407 4427 verbis
431 4382 537 4440 propria
557 4382 668 4439 acceptis
694 4385 834 4440 putarunt,
854 4381 1011 4442 reprehendi
1036 4392 1107 4428 auam
1135 4378 1272 4433 incuriam,
1293 4377 1362 4436 quod
1390 4385 1436 4421 nou

322 4471 439 4516 idoneum
458 4483 551 4529 panum
570 4484 700 4519 numerum
720 4485 807 4520 secum
824 4475 965 4532 tulissent,
994 4471 1120 4529 simulque
1140 4467 1189 4514 eibi
1208 4467 1354 4526 inculcari,
1375 4477 1436 4512 nea

322 4561 469 4608 Pharisaeis
490 4567 567 4623 atque
586 4561 741 4611 sadducaeis
763 4575 853 4623 panem
873 4564 1061 4621 compararent.
1094 4559 1168 4608 coni.
1190 4568 1292 4618 quoque
1314 4557 1388 4604 Joen.
1408 4555 1434 4608 ii,

326 4652 356 4696 iit
367 4677 396 4685 -
412 4653 455 4700 22.
