3120 5294
1275 487 1326 562 ts

128 673 233 750 sante,
250 673 380 730 utuntur
395 687 501 731 omnes
515 687 670 752 versores,
688 673 797 754 utpote
808 691 870 734 noo
886 670 1010 752 Graeci,
1023 669 1078 731 sed
1090 666 1203 730 ludaei
1213 687 1326 752 graece

132 776 303 860 loquentes
319 775 362 861 ⁴).

224 883 302 948 Cum
313 885 572 969 interpretatione
584 885 791 948 Alexandrina
801 882 1015 972 conjungimus
1024 883 1199 970 fragmenta
1210 903 1325 968 graeca

127 991 308 1073 Aquilae,
322 992 1322 1075 Symmachi,Tbeodotionis,etcaetcraramversionum

126 1102 378 1183 deceptoriam,
395 1123 474 1186 quae
491 1123 528 1168 ex
543 1106 630 1166 textu
646 1100 793 1166 hebraico
809 1102 974 1185 depromta
990 1107 1102 1184 tropos
1119 1106 1151 1164 et
1172 1100 1323 1184 imagines

127 1209 297 1292 archetypi
312 1210 457 1274 retinent.
482 1210 597 1294 Aquila
612 1210 792 1274 nominatim
807 1209 931 1272 literam
947 1211 1024 1274 adeo
1041 1229 1152 1294 presse
1169 1208 1326 1291 sequitur,

126 1321 166 1379 ut
183 1337 245 1379 non
261 1317 353 1380 modo
370 1318 591 1403 etymologiam
612 1319 778 1381 verborum
795 1317 955 1400 exprimat,
972 1321 1027 1381 scd
1044 1319 1136 1381 etiam
1153 1315 1326 1400 particulas

126 1425 260 1506 reddat,
288 1426 398 1508 quibus
415 1425 446 1488 in
461 1447 576 1510 graeco
593 1425 670 1490 nihil
691 1427 878 1510 respondet3
903 1426 1109 1511 Symmachus
1132 1431 1242 1489 contra
1265 1446 1327 1488 non

128 1535 261 1598 verbum
279 1555 296 1598 e
313 1535 424 1618 verbo,
447 1535 502 1598 sed
518 1556 642 1600 sensum
659 1557 676 1599 e
692 1557 785 1600 sensu
800 1536 965 1620 transfert,
983 1541 1014 1600 et
1029 1535 1230 1600 Theodotion
1245 1535 1328 1599 inter

126 1641 276 1706 servilem
288 1643 420 1726 Aquilae
434 1647 465 1708 et
476 1643 657 1708 liberiorem
670 1645 848 1728 Symmachi
859 1645 1096 1710 translationem
1107 1646 1174 1708 fere
1186 1644 1320 1708 medium

16 1784 19 1792 ·
126 1751 237 1815 locum
253 1755 355 1834 tenet,
381 1751 541 1814 maximam
556 1757 677 1836 purtem
693 1753 917 1835 interpretandi
932 1754 1085 1818 rationem
1101 1753 1326 1816 Alexandrino·

124 1879 198 1922 rum
216 1865 354 1923 secutus.
372 1861 541 1923 Versiones
556 1861 593 1923 V.
609 1861 662 1923 Vl.
679 1866 711 1924 et
723 1861 802 1944 vlt,
819 1881 856 1924 ex
872 1861 986 1945 quibus
1001 1860 1189 1943 paucissima
1203 1865 1324 1922 tantum

1 1996 11 2059 a
124 1973 315 2058 supersunt,
332 1972 382 2034 vix
398 1969 530 2052 alicujus
547 1975 619 2033 sunt
636 1991 712 2033 usus
728 1965 771 2055 5).

219 2079 424 2144 Versionibus
439 2079 564 2166 graccis
579 2079 720 2164 proxime
743 2080 896 2143 accedunt
913 2081 1152 2162 Paraphrases
1175 2081 1324 2144 chaldai-

125 2209 200 2269 cae,
221 2187 415 2272 Tarpamim
431 2189 544 2270 dictae,
561 2210 690 2272 quarum
706 2189 823 2270 primas
838 2195 946 2272 partes
967 2196 1109 2274 tempore
1126 2187 1248 2252 Christi
1259 2185 1324 2268 jam

126 2297 306 2376 exstitisse,
324 2297 402 2360 satis
419 2303 507 2360 certa
523 2302 571 2362 est
589 2297 705 2381 opinio.
733 2299 961 2380 Paraphrastae
978 2298 1117 2382 quidem,
1140 2295 1325 2379 pracsertim

0 2450 1 2469 t
124 2405 335 2488 recentiores,
352 2406 599 2491 digressionibus
615 2411 647 2469 et
664 2408 845 2470 commentis
862 2406 1042 2491 allegoricis
1059 2411 1091 2470 et
1112 2405 1325 2469 cabbalisticis

125 2515 359 2596 redundantes,
387 2520 418 2578 et
439 2514 532 2599 genio
555 2519 648 2598 atque
676 2514 874 2596 opinionibus
896 2514 1093 2599 popularium
1116 2514 1324 2598 indulgentes,

122 2621 228 2688 libera
244 2626 275 2685 et
291 2623 457 2686 arbitraria
472 2623 699 2708 interpretendi
715 2624 835 2687 ratione
853 2623 1077 2688 Alexandrinos
1101 2625 1202 2687 adbuc
1227 2643 1322 2706 supe-

124 2737 217 2814 rant,
241 2729 442 2794 traditionem
466 2737 569 2794 tamen
591 2732 621 2794 in
644 2729 826 2796 deliniendis
847 2732 1002 2796 hebraicis
1024 2730 1161 2796 fideliter
1187 2735 1323 2794 servant.

122 2840 267 2922 Targum
276 2837 469 2902 Oukelosi
484 2839 516 2901 in
523 2841 766 2903 Pentateucbum
780 2840 882 2922 quoad
893 2840 1030 2925 lingnam
1042 2845 1073 2902 et
1084 2839 1322 2922 interpretatio-

127 2969 202 3013 nem
219 2947 353 3011 eaeteris
368 2948 462 3034 longe
478 2953 635 3034 praestat,
660 2950 697 3012 ad
715 2950 797 3032 quod
813 2950 953 3031 proxime
969 2949 1090 3013 accedit
1105 2950 1244 3034 Targum
1259 2948 1278 3010 l
1286 2970 1323 3010 o-

1 3071 2 3078 ’
123 3079 144 3120 n
155 3057 333 3137 albanis,
349 3053 408 3120 filii
422 3055 600 3145 Unielis,
610 3057 642 3119 in
657 3058 831 3140 Prophetas
843 3055 886 3143 ⁰).

218 3168 295 3230 l'ost
307 3187 360 3230 eas
370 3165 541 3227 scrutatori
555 3165 678 3252 linguae
690 3166 854 3230 hebraicae
867 3167 967 3230 adbuc
981 3165 1188 3228 commendari
1198 3185 1321 3227 meren-

122 3280 181 3338 tur
195 3275 300 3338 versio
315 3275 411 3338 latina
432 3274 576 3357 Vulgata
593 3281 623 3338 et
640 3275 764 3358 syriaca
780 3276 950 3356 Peschito,
968 3296 1098 3359 quarum
1115 3278 1248 3356 utraque
1267 3295 1323 3335 an-

123 3383 324 3467 tiquissima,
342 3389 374 3446 et
390 3384 479 3465 prior
495 3385 618 3467 quidem
635 3405 653 3447 a
669 3405 695 3448 s.
713 3385 985 3468 Hieronymo,
1003 3385 1043 3446 ob
1059 3383 1236 3446 diuturnam
1254 3403 1323 3444 cum

123 3489 254 3554 Judacis
283 3491 526 3554 familiaritatem
559 3493 735 3556 llebraismi
760 3493 970 3576 peritissimo,
995 3491 1156 3575 posterior
1183 3511 1259 3553 vero
1285 3492 1322 3554 ab

125 3605 258 3664 auctore
274 3601 417 3663 confecta
433 3607 502 3683 est,
520 3602 570 3664 cui
586 3603 709 3687 linguae
725 3604 886 3687 syriacae,
904 3621 982 3686 quae
999 3601 1164 3665 hebraicae
1188 3602 1324 3665 orationi

1 3737 3 3774 i
127 3708 316 3794 'cognatione
333 3714 381 3772 est
398 3709 579 3793 conjuncta,
603 3711 715 3774 notitia
730 3713 900 3794 praecipuo
919 3710 1095 3794 adjumento
1112 3710 1172 3773 fuit
1188 3702 1230 3795 7).

217 3815 367 3900 Reliquas
384 3819 545 3882 versiones
561 3821 598 3881 Α.
616 3821 654 3883 Τ.
682 3820 730 3883 uti
746 3819 1011 3900 samaritanam,
1029 3817 1213 3898 Persicam,
1230 3820 1321 3885 Ara-

128 3925 224 3990 bicas
241 3930 272 3989 et
291 3926 457 3992 Graecam
478 3925 645 4008 Venetam,
664 3951 733 3992 cum
749 3929 862 4012 partim
885 3929 1080 3992 recentiores
1096 3929 1182 4010 sint,
1206 3928 1322 4010 partim

127 4033 324 4116 antiquiores
339 4034 529 4116 interpretes
546 4042 731 4119 sequantur,
759 4037 810 4100 vel
826 4037 865 4099 ad
891 4057 946 4099 eos
963 4036 1025 4098 sint
1050 4035 1205 4118 refectae,
1230 4037 1322 4118 proin

130 4141 287 4206 adfantes
299 4143 501 4206 secundarios
513 4144 619 4224 potius
631 4143 821 4228 referendae,
835 4146 895 4208 boc
907 4144 979 4207 loco
990 4145 1165 4209 nominasse
1174 4141 1321 4208 sufficiat.

156 4318 182 4389 ¹)
201 4325 335 4384 bJusmodl
352 4326 435 4372 laxtca
452 4327 557 4372 meliora
577 4327 695 4374 exhibent
712 4329 835 4389 plurima,
854 4341 878 4378 s.
897 4339 924 4387 g.
945 4329 1052 4378 sublit.
1073 4334 1112 4377 tta
1138 4307 1188 4390 i’l‘
1207 4326 1319 4391 (oense.

198 4415 263 4475 xrv,
284 4417 321 4477 s.)
341 4423 370 4463 ac
387 4395 444 4490 abac
464 4417 573 4477 (canen.
585 4419 680 4472 xxxv,
700 4419 726 4464 s.
743 4419 800 4464 aaa.
819 4419 859 4465 vr.
880 4419 937 4484 ro.)
959 4419 1141 4474 aeneam
1161 4421 1210 4491 yps
1229 4413 1319 4477 (aaut.

199 4503 596 4571 v11.a.)crystm;crafee,·
618 4501 715 4580 cleps
736 4499 795 4557 (rs,
816 4509 908 4570 axin,
937 4513 962 4557 a.
983 4511 1046 4556 nen.
1066 4511 1105 4565 n,
1137 4511 1178 4555 aa.
1198 4507 1245 4560 ιιι,
1275 4505 1318 4550 aa.

201 4597 244 4642 tl.
265 4597 324 4656 xn,
345 4597 400 4657 31.)
419 4593 532 4664 κοπρία,
551 4597 761 4659 sterquilinium,
781 4603 832 4644 stc.
852 4603 902 4647 etc.

152 4678 179 4744 ¹)
199 4683 407 4746 significationes
432 4686 587 4736 aromaticae
605 4689 747 4736 habentur:
769 4689 814 4734 l’s.
835 4689 890 4748 ΙιΧ,
913 4692 953 4735 10.
974 4692 1039 4761 ’th
1055 4693 1099 4749 νβ
1121 4683 1193 4746 (aaa
1213 4683 1319 4731 kannis
