3120 5294
1231 469 1307 542 1⁸27

25 659 27 678 ¹
142 643 168 714 ²)
187 650 309 709 Exemplo
328 649 394 700 sinte
423 648 467 696 Pr.
487 647 603 706 cxviii,
632 649 678 696 it.
706 651 761 721 κξῃ
777 651 839 721 ill?
860 647 1013 695 benedictas
1032 647 1208 702 siiseotesa‚·
1230 647 1306 694 ioan.

190 741 232 800 iv,
252 740 297 786 ii.
318 733 453 803 metipsi
475 733 553 794 Orda,
576 736 697 801 Spiritus
718 740 759 785 ssi
776 738 856 786 Deus.

25 843 26 870 ³
144 841 169 912 θ)
187 847 344 896 Praesertim
363 846 509 906 subjectum
528 849 610 894 minus
630 846 826 892 determinatum
846 844 956 892 articulo
969 847 1057 904 caret,
1076 845 1113 890 uti
1126 845 1202 892 Prov.
1216 845 1259 900 xi,
1281 847 1307 891 7.

187 931 250 1012 llil]
263 941 318 1012 πῃ
333 929 404 1010 stup
424 951 482 984 cum
501 937 622 984 moritur,
638 937 716 983 domo
735 935 895 1000 improbator
923 938 1015 982 contra
1042 936 1220 994 praedicatum
1239 937 1307 982 haud

186 1039 264 1088 raro,
292 1028 430 1088 praecipue
449 1026 473 1073 si
492 1025 611 1085 subjecto
635 1026 736 1073 cuidem
755 1026 916 1074 eminentiori
935 1025 1010 1071 modo
1029 1025 1167 1080 tribuitur,
1197 1025 1307 1073 articulo

186 1120 288 1176 prodet.
307 1119 336 1165 ii.
356 1129 380 1178 ς.
400 1117 476 1164 Josn.
495 1116 522 1172 i,
543 1119 587 1164 ti.
608 1111 621 1163 d
642 1114 777 1183 προφήτης
795 1107 824 1164 al
838 1111 890 1176 σύς
920 1129 983 1163 nam
1003 1118 1032 1163 tat
1051 1129 1078 1164 ee
1096 1117 1232 1180 propheto
1251 1115 1308 1177 (iiie

186 1207 369 1269 promissusJi

24 1317 25 1320 ’
140 1312 165 1379 ⁴)
183 1318 221 1364 dx
239 1318 289 1364 hoc
308 1316 394 1378 capite
412 1315 502 1363 dietih.
520 1315 550 1370 v,
571 1316 597 1362 t.
631 1314 709 1362 Beati
730 1327 865 1379 pauperes
885 1314 1000 1378 spirits,
1029 1312 1180 1361 vocabulum
1206 1315 1308 1377 spirits«

186 1401 341 1471 (πνεύματι)
368 1419 419 1454 noo
438 1407 470 1454 ed
488 1405 581 1454 beatos
600 1407 647 1452 ssd
665 1405 698 1452 ad
717 1417 846 1465 pauperes
865 1405 965 1452 trsiras.

23 1479 24 1506 ἶ
140 1509 164 1577 ⁵)
182 1516 327 1574 Propterea
353 1515 374 1561 i.
404 1515 497 1560 ihesu.
525 1515 574 1568 iii,
602 1515 629 1559 2.
658 1506 808 1577 ἐπέμψαμεν
827 1506 959 1575 Τιμόθεον
980 1536 1013 1566 -ς
1034 1537 1066 1546 -
1088 1508 1213 1579 συνεργὸν
1232 1507 1308 1577 ἡμῶν

183 1631 217 1642 -
237 1631 273 1642 -
293 1599 330 1660 εἰς
348 1601 378 1652 τό
398 1596 520 1672 στηρίξαι
549 1595 632 1666 ὑμᾶς,
661 1602 780 1650 misimus
810 1602 993 1650 Tainotleaas
1015 1627 1044 1638 -
1069 1627 1099 1638 -
1120 1603 1308 1664 coadjutorem

183 1699 310 1744 noemam
331 1721 361 1732 ·-
385 1721 415 1734 -
437 1696 472 1743 ad
490 1693 688 1755 confirmandos
707 1705 769 1748 eos,
799 1693 878 1740 rerba
905 1685 941 1747 sic
965 1688 994 1739 ac*
1022 1684 1141 1760 στηρίξαι
1163 1685 1233 1756 ὑμᾶς
1254 1705 1307 1739 noo

183 1791 303 1847 spectent
330 1786 363 1833 ad
391 1781 529 1853 συνεργὸν,
560 1787 607 1831 sed
625 1785 657 1831 ad
676 1784 804 1831 remotius
824 1776 987 1847 ἐπέμψαμεν,
1017 1783 1079 1843 quie
1098 1783 1125 1830 io
1142 1783 1191 1829 irco
1210 1784 1310 1831 residet

182 1879 254 1925 notio
276 1875 445 1936 principalis,
464 1879 491 1924 et
510 1875 579 1936 quod
597 1875 746 1922 'iimotheus
766 1873 800 1919 sit
820 1873 955 1932 coadjutor
973 1873 1061 1930 i’auii,
1080 1877 1181 1920 tentum
1199 1884 1248 1932 per
1267 1874 1307 1919 in·

183 1969 274 2017 cidm
291 1966 423 2028 adiicitur.

448 2179 476 2246 s.
494 2173 534 2234 ti
551 2175 700 2236 mammes
715 2173 822 2246 iontem
836 2174 967 2234 remotus

199 2357 327 2420 Relatio
351 2355 454 2444 logica
477 2357 701 2421 sententiarum
735 2375 806 2420 sese
836 2353 1056 2438 excipientium
1080 2359 1130 2419 est
1153 2354 1305 2419 diversis·

21 2523 22 2556 e
114 2463 196 2529 sima.
231 2468 298 2530 Aut
321 2465 401 2528 enim
426 2483 460 2528 se
483 2459 598 2529 habeut
621 2468 658 2528 ut
678 2484 778 2550 genus
802 2468 834 2527 et
855 2463 989 2546 species,
1012 2467 1115 2528 totum
1138 2466 1172 2526 et
1186 2467 1305 2546 partes,

20 2631 21 2666 ἢ
114 2593 204 2636 causa
228 2579 262 2636 et
286 2568 436 2650 effeetus,
469 2571 687 2637 antecedentia
710 2577 743 2636 et
766 2571 1007 2654 consequentia,
1031 2569 1113 2634 ratio
1138 2575 1171 2633 et
1194 2591 1306 2636 conse·

115 2699 226 2761 queue,
251 2677 366 2743 similia
392 2684 424 2742 et
447 2681 615 2764 opposita,
639 2685 694 2744 aut
709 2685 744 2744 ut
760 2678 894 2744 assertio
919 2684 950 2744 et
975 2677 1154 2762 explicatio,
1178 2679 1307 2743 demon·

115 2789 225 2852 stratio
249 2788 301 2850 vel
324 2787 495 2852 illustratio
520 2793 581 2852 etc.
615 2789 665 2852 iii
695 2809 786 2872 mam
808 2787 993 2852 relationem
1017 2787 1044 2850 si
1067 2787 1235 2872 diligenter
1257 2793 1307 2851 at·

114 2897 250 2960 teuderii
273 2895 448 2978 interpres,
484 2899 567 2962 haud
602 2897 682 2960 levia
714 2895 746 2960 in
774 2917 840 2960 rem
864 2917 952 2960 suam
975 2900 1163 2979 assequetur
1186 2895 1307 2960 emolu-

116 3009 226 3087 menta,
252 3003 377 3067 Etenim

202 3115 234 3178 1.
259 3112 332 3174 inde
355 3112 481 3194 saepius
504 3113 647 3194 inprimis
671 3109 845 3176 delinienda
869 3116 919 3174 est
940 3113 1138 3194 sipnsyiootio
1153 3113 1306 3192 particu-

115 3222 242 3301 lorum,
277 3220 389 3303 quibus
412 3220 648 3304 propositiones
672 3241 742 3284 sese
778 3219 970 3302 excipientes
994 3217 1235 3305 conjunguntur,
1275 3224 1308 3282 et

116 3347 243 3410 quarum
268 3345 344 3389 usus
369 3327 452 3390 siout
474 3327 505 3390 io
529 3330 567 3402 A.
591 3329 631 3390 T.
654 3329 699 3392 ita
723 3327 816 3391 etiam
839 3327 871 3390 in
893 3327 933 3390 N.
962 3328 1001 3390 T.
1036 3346 1186 3410 perquam
1209 3345 1307 3412 vagus

115 3441 171 3498 est.
207 3437 264 3500 Sic
288 3457 349 3498 non
373 3456 445 3499 raro
471 3436 635 3519 particulis
654 3457 739 3500 mere
763 3438 962 3520 copulatiois
986 3438 1215 3498 connectuntur
1238 3435 1307 3498 dic·

115 3543 241 3623 tiones,
267 3563 396 3627 quarum
419 3543 532 3608 relatio
557 3545 662 3629 logica
691 3543 770 3608 alias
796 3541 966 3626 particulas
1002 3541 1147 3627 requirit.
1183 3543 1307 3608 Etenim

117 3650 177 3713 iilis
192 3652 286 3715 modo
304 3651 470 3735 explicatio
487 3649 696 3740 inducitor¹),
713 3654 804 3716 modo
823 3650 961 3716 conditio
978 3649 1196 3739 subjiciunt),
1213 3654 1306 3716 modo

118 3759 309 3842 comparatio
325 3759 466 3823 innuitur
478 3755 518 3843 ⁸),
533 3761 610 3824 alias
628 3761 720 3824 etiam
737 3760 929 3824 contrarium
946 3759 1101 3822 indicatur
1112 3755 1156 3846 ⁴).
1187 3759 1307 3824 Contra

114 3872 300 3949 particulae
315 3873 520 3933 contrarium
535 3873 723 3936 indicantes
738 3869 949 3952 reperiuntur,
974 3869 1026 3932 ubi
1042 3868 1126 3932 nulla
1140 3873 1190 3930 est
1205 3890 1307 3952 oppo-

116 3973 189 4037 sitio
203 3972 247 4060 ⁵),
271 3975 354 4038 siout
371 3980 403 4037 et
418 3976 573 4040 dictiones
590 3998 648 4060 per
665 3976 837 4062 particulas
861 3981 1020 4040 causales
1038 3975 1167 4058 junctae
1192 3996 1306 4040 occur·

115 4088 197 4161 runt,
222 4083 305 4146 inter
328 4102 405 4168 quas
429 4106 492 4148 nou
515 4107 612 4149 nexus
636 4086 791 4166 causalis,
816 4086 872 4147 sed
896 4104 933 4147 ea
955 4085 1124 4147 intercedit
1148 4085 1246 4163 ratio,
1270 4089 1306 4146 ut

115 4189 216 4253 altera
238 4191 368 4256 alteram
393 4193 529 4276 explicet
548 4191 602 4283 ⁸),
626 4200 679 4257 aut
703 4195 803 4257 altera
828 4214 863 4256 ex
888 4192 988 4256 altera
1011 4197 1160 4276 equatur
1172 4189 1228 4279 ⁷),
1252 4198 1306 4253 aut

114 4297 215 4360 altera
238 4321 306 4362 curu
331 4301 431 4364 altera
456 4307 657 4387 comparetur
668 4297 712 4388 ⁸).
736 4301 816 4366 Aliis
830 4302 955 4364 tandem
974 4301 1005 4363 in
1022 4300 1101 4364 locis
1118 4319 1215 4362 nexus
1230 4320 1305 4362 uere

117 4407 251 4470 causalis
267 4409 431 4491 particulis
447 4413 685 4498 cmnporatiais
705 4406 917 4496 indicarunt).
940 4409 1081 4492 Denique
1104 4411 1208 4470 utrum
1231 4426 1306 4488 par-

116 4511 233 4575 ticulae
257 4517 324 4598 ira,
349 4519 434 4588 ὅπως
456 4527 501 4597 ut,
525 4519 735 4582 intentionem
755 4515 805 4578 vel
827 4517 1009 4597 sequelam,
1037 4517 1184 4598 efformem
1208 4511 1306 4573 deno-

118 4625 209 4703 tent,
235 4643 270 4686 ex
294 4646 372 4688 nexu
396 4624 502 4708 logico
525 4624 770 4712 dignoscendum
795 4628 843 4689 est
857 4620 911 4710 ¹⁰).
