3112 5284
1264 427 1342 502 235

377 641 405 709 §-
422 633 470 695 itt
485 633 553 694 tiam
569 635 711 708 analogiae
727 648 776 709 pro
791 635 819 695 t.
833 635 857 693 l.
873 636 1107 708 interpretatione.

241 768 341 853 Magis
364 769 464 831 aelhnc
492 767 662 852 conspicua
689 772 738 831 est
764 768 970 852 congruentia
996 766 1231 847 doctrinarum,
1263 787 1341 848 quas

150 877 225 940 libri
253 876 292 940 N.
320 877 354 940 li.
384 876 646 960 complectuntur.
683 876 793 939 Plures
822 876 904 938 enim
931 877 1092 940 doctrinae
1115 873 1192 938 lesu
1219 873 1341 938 Chresti

148 985 306 1068 palmares
322 984 360 1047 al)
378 985 518 1049 omnibus
534 989 622 1049 certo
649 990 680 1048 et
706 984 791 1046 clare
806 989 1041 1068 proponuntur,
1066 983 1144 1048 eliae
1161 1003 1197 1047 ex
1213 981 1340 1070 ingenio

148 1095 292 1182 integrae
307 1094 347 1162 N.
363 1094 397 1158 F.
415 1093 599 1180 disciplinae
627 1091 786 1156 evidenter
813 1098 1057 1180 cognoscuntur.
1091 1093 1140 1156 An
1167 1089 1340 1176 analogiam

147 1203 282 1266 istarum
298 1183 511 1266 doctrinarum
529 1203 670 1265 omnibus
687 1201 893 1265 communium
916 1201 939 1264 ii
956 1201 1141 1284 scripturae
1162 1200 1202 1264 N.
1217 1201 1252 1285 E.
1275 1200 1340 1264 loci

148 1311 294 1396 exigenti
316 1315 348 1374 et
369 1311 542 1394 explicandi
563 1317 653 1392 sunt,
677 1311 731 1394 qni
750 1311 814 1374 illis
835 1309 937 1373 miuus
953 1309 1122 1374 convenire
1137 1314 1191 1374 ant
1213 1309 1338 1373 omuino

149 1419 369 1483 contradicere
395 1416 600 1505 violentur*).

171 1567 199 1628 ¹)
220 1567 258 1612 Ad
273 1567 414 1626 doctrinas,
435 1579 498 1626 quos
513 1577 601 1614 omnes
618 1566 650 1612 N.
665 1567 694 1614 F.
706 1570 825 1616 sartores
839 1569 914 1614 certo
934 1577 965 1616 ae
981 1565 1118 1615 monitante
1138 1567 1239 1621 tenent.
1260 1576 1282 1614 e.
1294 1576 1335 1624 gr.

222 1659 352 1718 spectent,
369 1656 460 1706 lesum
470 1655 600 1706 cariatum
614 1669 702 1706 verum
711 1658 793 1706 Deum
808 1659 933 1720 simulque
945 1669 1032 1705 rernm
1044 1655 1170 1704 homiuem
1184 1667 1262 1716 essee
1281 1667 1338 1702 oum

220 1746 268 1796 fide
283 1747 409 1798 inlesum
420 1748 550 1796 christum
569 1748 637 1796 bona
655 1761 739 1810 opere
756 1750 907 1796 necessario
925 1761 985 1796 esse
1003 1747 1181 1808 conjungente
1195 1751 1244 1794 etc.
1264 1747 1335 1805 Quae

219 1838 305 1901 capita
323 1851 354 1886 ex
375 1850 471 1886 summo
487 1838 518 1886 N.
542 1838 665 1886 Foederis
690 1836 797 1887 tirmiter
818 1844 908 1886 tenens
929 1838 1077 1896 interpres,
1096 1837 1173 1882 oona.
1194 1835 1267 1898 xlv,
1287 1836 1331 1882 28.

221 1927 287 1984 Quia
304 1928 389 1974 Pater
416 1927 505 1988 metor
529 1941 572 1974 me
599 1932 640 1974 ert
667 1932 693 1974 et
716 1928 794 1974 litare.
812 1927 886 1988 xnt,
906 1927 949 1974 tt.
978 1926 1017 1974 De
1035 1925 1078 1974 olio
1100 1927 1189 1974 autem
1218 1925 1268 1974 illo
1288 1925 1335 1972 eet

222 2019 293 2068 lero
311 2031 389 2066 neme
410 2019 476 2076 soit,
503 2031 589 2080 nepae
608 2019 699 2079 repeti
714 2019 744 2066 iro
767 2019 858 2079 coeto,
881 2030 966 2080 oeque
986 2017 1089 2078 Filiae,
1107 2015 1163 2064 πίει·
1181 2016 1265 2064 Peter
1283 2027 1336 2070 non

219 2109 251 2160 de
272 2109 376 2158 christo
397 2111 471 2172 lieo,
491 2111 537 2156 sed
556 2109 588 2156 ele
615 2109 717 2158 clarinto
741 2110 856 2166 homine,
876 2112 967 2158 onntm
990 2108 1065 2156 loen.
1091 2108 1128 2162 X,
1149 2107 1193 2154 30.
1231 2106 1287 2168 llpo
1308 2109 1336 2154 et

219 2200 303 2253 Pater
322 2211 511 2253 enumeremus
537 2211 588 2248 non
609 2199 641 2248 ote
660 2212 691 2248 eo
710 2201 828 2258 homine,
858 2201 906 2250 seut
925 2202 957 2248 ote
976 2213 1008 2246 eo
1023 2200 1078 2246 lieo
1099 2198 1243 2258 explicabit.
1280 2198 1335 2246 Nee

218 2291 299 2339 minus
323 2301 355 2339 ex
372 2290 460 2336 eedem
485 2289 515 2336 N.
537 2290 565 2336 Ε.
586 2289 705 2338 doctrina
730 2291 974 2348 internectionem
1000 2289 1077 2338 ioan.
1098 2290 1127 2345 l,
1151 2288 1193 2335 tt.
1218 2281 1231 2334 ὁ
1253 2281 1332 2350 λόγος

218 2371 286 2448 σὰρξ
308 2372 407 2444 ἐγένετο
429 2381 575 2440 exprimere
594 2393 713 2438 sensum,
742 2394 800 2430 eum
819 2385 925 2442 preater
946 2393 1037 2430 rernm
1062 2393 1157 2444 corpus
1176 2380 1253 2428 etiarn
1272 2380 1330 2424 ani-

216 2483 281 2518 mam
302 2471 435 2518 humanam
460 2472 626 2519 assumsisse.
672 2472 731 2520 Pari
756 2471 858 2520 ratione
884 2469 987 2519 etiatnm
1013 2471 1086 2518 Pauli
1108 2471 1182 2518 Rom.
1207 2471 1258 2531 111,
1288 2469 1334 2516 28.

216 2559 390 2607 Arbitromur
415 2561 485 2608 carim
504 2561 658 2624 justificari
675 2563 808 2612 hominem
830 2575 882 2626 per
908 2562 987 2624 liutem
1007 2561 1066 2612 etee
1096 2560 1223 2626 operibus
1247 2559 1327 2622 lepis.

215 2649 252 2698 tta
269 2651 445 2710 exponendum
460 2654 518 2710 est,
538 2655 567 2700 ut
585 2664 643 2700 oum
663 2652 719 2702 eet.
739 2653 769 2714 V,
787 2652 1082 2702 o.1.cee.xnnn.oee.
1106 2651 1147 2712 ll,
1169 2651 1212 2698 tt.
1230 2663 1287 2712 sqq.
1304 2653 1334 2707 et

216 2751 273 2788 curn
302 2741 369 2790 orant
392 2741 556 2802 legislatione
582 2745 730 2804 evangeliea
754 2745 909 2792 consentiet.
946 2743 1136 2791 convenienter
1163 2743 1231 2790 omui
1249 2741 1335 2788 ltuen-

215 2832 275 2890 31111
293 2831 395 2890 lugente
413 2831 490 2880 ettam
506 2835 660 2896 sententiae,
680 2833 998 2894 qnueaennoooeton.v1‚
1022 2835 1064 2880 19.
1080 2833 1112 2881 de
1130 2845 1180 2880 non
1200 2845 1331 2892 quaeren-

217 2920 256 2967 dis
273 2921 403 2968 thesauris
419 2923 610 2984 terrestribus,
630 2927 656 2972 et
671 2925 730 2974 vit.
751 2926 776 2971 1.
799 2923 948 2974 devitando
962 2922 1063 2984 jndicio
1084 2935 1141 2970 eum
1163 2921 1330 2970 restrictione

216 3010 398 3072 intelligendae
418 3017 488 3062 suut.

258 3172 286 3239 s.
303 3168 358 3230 itt.
373 3169 441 3230 iisne
458 3172 599 3246 malosstao
614 3171 677 3232 oneo
691 3174 721 3232 tn
735 3174 878 3248 omneque
892 3173 1015 3234 laeteris
1031 3173 1212 3248 expositione.
1262 3247 1263 3250 Ἴ

232 3299 311 3364 Cum
335 3299 428 3364 Jesns
455 3323 519 3365 non
549 3306 613 3365 tam
641 3303 821 3388 sustulerit,
864 3323 954 3387 quam
981 3303 1089 3386 potins
1116 3301 1331 3386 adimpleverit

145 3407 293 3496 1111),
317 3411 430 3494 qnippe
454 3411 507 3494 qui
524 3411 645 3496 legibus
662 3413 936 3494 ceremonialilrus,
962 3412 1102 3475 culturae
1130 3431 1166 3474 ac
1195 3410 1330 3473 circnm-

149 3517 273 3580 etantiis
287 3517 372 3581 illius
388 3518 541 3604 temporis
557 3521 819 3602 adcommodatis,
843 3521 1055 3585 sublimiorem
1072 3520 1188 3584 cultum
1212 3519 1332 3582 substi-

143 3620 265 3713 auiti),
303 3627 463 3692 doctrines
490 3628 523 3691 in
554 3629 592 3692 Α.
622 3629 657 3692 tt.
684 3629 733 3692 vix
766 3629 947 3716 indigitatas
974 3634 1027 3693 aut
1055 3629 1187 3693 obscure
1210 3633 1330 3692 tantum

145 3733 343 3798 adumbratas
359 3734 527 3818 perspicuo
542 3737 709 3820 proposuit
720 3731 770 3822 ⁸),
794 3738 872 3805 alies
888 3741 926 3803 ael
940 3739 1089 3822 majorem
1104 3736 1330 3820 perlectionem

141 3839 288 3924 perduxit
307 3837 357 3927 ⁴),
391 3841 455 3905 imo
482 3848 515 3906 et
544 3864 640 3910 nouas
667 3846 809 3911 omnibns
844 3848 1039 3930 temporibus
1065 3869 1102 3911 ao
1129 3847 1209 3911 loeis
1237 3853 1333 3931 aptae⁴

138 3949 254 4033 adjecit
266 3944 314 4031 ὖ),
338 3972 401 4016 non
426 3952 550 4034 quidem
571 3955 751 4038 promiscue
778 3957 941 4020 doctrinae
974 3958 1010 4020 Α.
1041 3956 1075 4019 l'.
1102 3957 1143 4020 aol
1166 3955 1330 4019 doctrinas

136 4057 176 4120 N.
195 4058 231 4120 tt.
247 4063 279 4120 et
293 4057 363 4122 viee
377 4078 469 4124 versa
484 4059 565 4126 istae
579 4063 619 4124 ael
630 4063 701 4126 illas
717 4065 862 4130 revocari
878 4071 911 4130 et
927 4065 1011 4150 exigi
1026 4068 1160 4150 possunt
1171 4061 1221 4150 ⁶);
1245 4069 1331 4126 atta-

135 4185 206 4230 men
232 4165 314 4230 lnaoel
341 4187 439 4250 panea
465 4169 620 4252 principia
647 4171 758 4236 Bibliis
783 4176 1003 4256 superstructa
1027 4172 1155 4238 Juoloois
1184 4177 1216 4236 et
1233 4171 1327 4234 Olari-

136 4273 249 4338 stianis
275 4279 348 4338 sunt
375 4278 568 4356 communia,
614 4299 708 4360 quae·
722 4287 891 4365 propterea
917 4282 999 4346 haud
1025 4281 1093 4344 leve
1122 4282 1162 4344 ael
1187 4285 1324 4342 mutuam

135 4381 360 4446 sententiarum
375 4384 539 4468 utriusque
554 4385 693 4452 foederis
716 4387 1008 4471 interpretationem
1032 4387 1269 4452 subministrant
1281 4384 1324 4470 7).

164 4521 190 4591 ¹)
208 4529 297 4578 Nolite
310 4533 422 4591 pertore,
441 4533 478 4578 alt
494 4531 620 4581 Dominus
641 4533 729 4580 Mattio.
750 4533 789 4595 V,
811 4537 872 4595 17.,
892 4534 1018 4596 quonium
1035 4533 1098 4583 nerse·
1115 4535 1224 4584 solvere
1242 4531 1327 4592 tepent

209 4623 259 4669 aut
275 4618 439 4682 Prophetae,
456 4635 511 4670 nos
527 4625 590 4672 oeno·
608 4627 720 4674 colerere
733 4626 785 4674 scot
805 4625 960 4688 adimplere.
1049 4639 1056 4658 ·
