3118 5282
266 453 343 531 ³42

337 635 490 684 bottsrdsm
509 637 588 682 1003.
626 635 655 682 c.
675 636 713 682 W.
733 635 875 696 storga,
894 636 1011 684 Versncb
1035 639 1109 685 einer
1133 638 1291 686 tlesclslcbte
1316 640 1366 685 der
1383 642 1459 691 meat.
1546 657 1547 662 ¹

335 725 570 774 wissenschaften.
590 725 661 774 llstlc
683 728 762 774 raso.
782 727 813 776 'l'-
834 729 855 774 1.
876 739 934 788 pag.
954 728 1108 776 abl-tol.
1127 730 1160 776 'l-
1179 731 1211 776 ll.
1228 742 1288 789 pse.
1308 732 1461 779 itt-tlt.

340 817 409 864 car.
427 815 686 872 rosenmuller,
706 817 846 864 asomum
867 818 910 864 rur
928 819 970 864 cra
993 818 1127 866 utronno
1143 820 1192 866 uer
1211 819 1362 866 nrnrrsenen
1379 821 1463 870 seru

337 904 389 950 und
413 905 537 964 Exegesc.
557 904 696 966 thtingcu
730 909 918 955 teet-teob.
948 908 972 954 J.
1000 907 1030 954 G.
1057 908 1319 966 liusenrnr'sller,
1350 912 1465 962 illatoris

338 995 563 1056 interpretationis
590 995 711 1044 librorum
742 1009 879 1044 sacrorum
911 1000 937 1044 in
963 999 1081 1046 Ecclesia
1105 999 1255 1046 christiana.
1288 1003 1319 1047 Ρ.
1344 1002 1355 1046 l
1378 1025 1412 1036 -·
1434 1003 1463 1050 ll.
1547 1033 1548 1046 .

339 1084 486 1144 ΗὶΙᾱὴωγὴ.
510 1087 697 1133 aros-vnce.
723 1087 752 1134 Ρ.
774 1088 857 1134 lll—
882 1087 912 1134 V.
929 1089 1000 1147 bips.
1023 1091 1210 1136 1807-1815.
1242 1090 1462 1149 G.W.bleyer,
1547 1081 1548 1116 3

340 1175 496 1222 Gcscbicbts
510 1177 558 1224 der
575 1175 815 1238 Schrlttarkllrusg
828 1181 879 1226 sslt
890 1180 1156 1239 wtscernerststtuug
1165 1181 1214 1228 der
1227 1181 1464 1229 wissenscnsttea.

340 1268 359 1318 Y
377 1265 459 1318 Tomi.
479 1265 594 1328 (iittiru.
613 1268 799 1324 1802-1809.

763 1521 924 1598 CAPUT
951 1525 977 1596 1.

646 1696 864 1756 uuosuouuu
888 1698 1092 1758 uxrusrmo.

694 1901 722 1968 s.
739 1895 798 1954 bil.
813 1897 881 1957 biit
897 1896 1041 1960 omarum

365 2048 398 2108 lu
422 2046 609 2112 tractatione
631 2049 671 2112 de
699 2047 926 2130 interpretibus
941 2047 1065 2112 biblicis
1080 2048 1217 2111 ludaeos
1234 2048 1352 2113 merito
1371 2045 1469 2130 priori
1548 2099 1550 2154 ,

273 2152 345 2220 loco
368 2154 458 2237 poni,
483 2155 554 2220 inde
575 2161 678 2239 patet,
704 2158 787 2239 quod
811 2157 914 2240 prima
937 2156 1206 2238 interpretationis
1230 2177 1258 2219 s.
1278 2156 1470 2238 Scripturae
1549 2159 1550 2168 ’

274 2260 367 2324 initia
389 2264 427 2328 ab
452 2263 492 2327 iis
515 2264 706 2328 derivantur.
753 2264 943 2329 ludaeorum
971 2265 1178 2347 interpretes,
1204 2269 1239 2327 ut
1265 2285 1326 2348 per
1354 2284 1393 2326 se
1425 2264 1472 2325 in·

274 2369 446 2453 telligitur,
470 2370 541 2434 solo
565 2373 602 2434 Α.
620 2372 660 2434 Τ.
678 2375 928 2458 occupabantur,
953 2374 1004 2436 cui
1025 2394 1101 2438 vero
1124 2373 1163 2436 ab
1184 2372 1330 2437 illistam
1347 2377 1474 2435 mature

272 2478 566 2560 interpretationem
583 2479 736 2562 adjectam
763 2481 879 2564 inisse,
909 2487 945 2544 ut
971 2503 1041 2544 cum
1067 2481 1137 2564 ipso
1164 2481 1231 2544 iere
1262 2500 1385 2544 coaeva
1411 2479 1473 2542 dici
1550 2579 1551 2582 Ἴ

275 2585 393 2668 possit,
417 2607 507 2652 nemo
535 2589 707 2673 dubitabit,
732 2590 786 2676 qui
812 2592 1033 2674 perpenderit,
1067 2591 1150 2672 quod
1177 2609 1321 2676 magnam
1349 2593 1473 2674 partem

210 2743 214 2751 ,
274 2694 362 2779 leges
379 2697 621 2780 complectatur,
646 2717 728 2782 quae
742 2704 778 2764 ut
793 2721 812 2762 a
827 2699 957 2762 rudibus
972 2698 1242 2784 intelligerentur,
1260 2698 1474 2782 explicatione

276 2823 355 2886 opos
372 2810 450 2868 erat.
496 2808 698 2892 Quapropter
711 2808 810 2872 blosis
826 2810 1020 2891 mandalum,
1045 2829 1118 2890 quo,
1132 2812 1182 2872 'ut
1197 2807 1279 2871 liber
1296 2797 1382 2893 legis
1398 2829 1473 2892 pro-

277 2911 402 2976 ceribus
417 2913 525 2997 popnli
542 2919 574 2978 et
590 2917 809 2980 sacerdotibus
824 2917 962 2981 traditos
979 2917 1063 2980 omni
1079 2916 1241 3000 septennio
1266 2937 1378 2979 coram
1401 2917 1472 2978 u'ni·

276 3040 369 3084 verso
385 3021 502 3104 populo
516 3023 768 3109 praelegeretur,
792 3025 970 3108 praecepit,
995 3025 1233 3108 explicationem
1257 3021 1473 3088 difficiliorem

280 3133 389 3202 saltem
406 3130 581 3195 sectionum
597 3153 659 3196 uon
675 3131 837 3196 involvere
853 3153 915 3196 non
933 3133 1036 3216 potuit
1049 3131 1092 3221 ¹).

369 3239 480 3324 Neque
495 3239 580 3304 inter
593 3238 732 3306 ludaeos
747 3241 862 3323 peritia
875 3241 1106 3322 interpretandi
1121 3240 1231 3304 deesse
1243 3239 1363 3322 potuit,
1382 3259 1473 3322 quum

279 3350 420 3436 posteris
434 3349 528 3430 laesi,
553 3369 685 3434 quorum
713 3355 782 3413 erat
798 3349 891 3414 dubia
906 3350 1100 3432 reliquorum
1117 3349 1330 3412 lsraelitarum
1348 3349 1474 3432 delego

280 3463 422 3540 solvere,
442 3458 583 3523 'studium
599 3459 786 3541 scripturae
802 3447 942 3524 solemne
959 3479 1029 3523 esse
1046 3458 1189 3523 debuerit
1200 3455 1243 3543 ²).
1292 3459 1386 3536 Quae
1402 3477 1473 3519 uero

279 3569 373 3653 hujus
387 3569 506 3654 primae
521 3567 793 3650 interpretationis
808 3567 942 3631 biblicae
959 3567 1057 3630 inerit
1075 3567 1174 3645 ratio,
1199 3565 1269 3650 quis
1285 3565 1413 3648 poterit
1429 3565 1475 3627 di-

282 3679 380 3743 cere‘l
425 3677 571 3756 Quamvis
593 3675 748 3759 expositio
771 3676 834 3738 ista
867 3675 1010 3760 inprimis
1031 3675 1165 3738 literalis
1191 3674 1290 3737 fuisse
1318 3673 1474 3749 videatur,
1551 3753 1552 3764 ἵ

281 3790 395 3870 utpote
410 3805 447 3852 eo
463 3784 526 3850 flue
540 3785 701 3866 institute,
726 3789 762 3848 ut
778 3785 896 3868 populo
912 3786 1000 3870 leges
1014 3784 1171 3848 Mosaicae
1188 3788 1336 3846 accurate
1354 3792 1390 3847 et
1405 3803 1477 3866 per·
1551 3769 1552 3828 l

284 3896 394 3979 spicue
408 3894 658 3975 innotescerent,
683 3915 804 3958 omnem
820 3898 924 3957 tamen
941 3913 1064 3956 sensum
1081 3891 1247 3976 mysticum
1271 3891 1311 3954 ab
1329 3911 1370 3954 ea
1386 3891 1476 3975 plane

281 4005 381 4070 luisse
398 3999 572 4080 exclusum,
597 3997 753 4066 affirmare
765 4023 826 4066 non
842 4001 928 4066 licet.
974 4001 1055 4065 Utut
1071 4001 1153 4066 enim
1169 4000 1323 4063 mittenda
1343 3999 1392 4062 sit
1411 4005 1473 4062 tra·

284 4113 380 4191 ditio,
404 4108 481 4174 nolli
495 4109 695 4178 fundamento
711 4110 864 4177 historico
881 4109 1000 4188 innixa,
1018 4130 1108 4194 quam
1125 4107 1322 4171 recentiores
1337 4105 1477 4169 ludaeo-

283 4243 353 4290 rum
381 4222 530 4284 doctores
556 4223 681 4298 teuent,
721 4219 775 4303 qui
802 4223 959 4297 statuunt,
998 4219 1106 4282 bloseu
1139 4215 1295 4299 duplicem
1311 4215 1474 4290 liberam,

284 4330 434 4414 scriptam
452 4330 484 4390 ct
496 4327 632 4409 oralem,
656 4328 752 4393 abeo
768 4327 814 4390 ita
829 4327 1008 4410 accepisse,
1032 4332 1067 4392 ut
1083 4324 1244 4410 posterior
1271 4329 1360 4388 esset
1384 4322 1480 4406 spiri·

284 4439 380 4510 tualis
396 4433 514 4518 prioris
531 4433 708 4518 explicatio,
725 4435 826 4518 prima
842 4435 997 4500 Cebbalae
1014 4433 1146 4502 stamina
1161 4431 1346 4510 includens,
1373 4428 1479 4515 negari

284 4553 388 4610 tamen
404 4564 467 4608 non
482 4547 606 4628 potest,
629 4544 728 4607 ΔΗΓ.
756 4545 932 4627 scriptores
948 4544 1037 4627 ipsos
1053 4541 1236 4624 quibusdam
1252 4539 1335 4602 locis
1352 4541 1480 4621 praeter

285 4674 410 4726 sentum
437 4655 590 4724 literalem
612 4654 779 4738 mysticum
813 4653 962 4718 tribuisse
974 4649 1016 4737 ²).
1064 4650 1156 4713 Ratio
1173 4669 1260 4712 vero·
1280 4669 1319 4711 ac
1354 4647 1478 4711 indoles
