<?xml version="1.0" encoding="UTF-8"?>
<!DOCTYPE html PUBLIC "-//W3C//DTD XHTML 1.0 Transitional//EN"
    "http://www.w3.org/TR/xhtml1/DTD/xhtml1-transitional.dtd">
<html xmlns="http://www.w3.org/1999/xhtml" xml:lang="en" lang="en">
 <head>
  <title>
</title>
<meta http-equiv="Content-Type" content="text/html;charset=utf-8" />
  <meta name='ocr-system' content='tesseract 3.04.00' />
  <meta name='ocr-capabilities' content='ocr_page ocr_carea ocr_par ocr_line ocrx_word'/>
</head>
<body>
  <div class='ocr_page' id='page_1' title='image "./hermeneuticabib00kohlgoog_0177.png"; bbox 0 0 3092 5286; ppageno 0'>
   <div class='ocr_carea' id='block_1_1' title="bbox 243 435 319 514">
    <p class='ocr_par' dir='ltr' id='par_1_1' title="bbox 243 435 319 514">
     <span class='ocr_line' id='line_1_1' title="bbox 243 435 319 514; baseline 0.053 -3"><span class='ocrx_word' id='word_1_1' title='bbox 243 435 319 514; x_wconf 85' lang='lat'>15⁰</span> 
     </span>
    </p>
   </div>
   <div class='ocr_carea' id='block_1_2' title="bbox 233 615 1424 1346">
    <p class='ocr_par' dir='ltr' id='par_1_2' title="bbox 233 615 1424 1346">
     <span class='ocr_line' id='line_1_2' title="bbox 328 615 1420 702; baseline -0.002 -22"><span class='ocrx_word' id='word_1_2' title='bbox 328 617 498 682; x_wconf 74' lang='lat' dir='ltr'>Uadorum</span> <span class='ocrx_word' id='word_1_3' title='bbox 509 617 634 698; x_wconf 77' lang='lat' dir='ltr'>inponit</span> <span class='ocrx_word' id='word_1_4' title='bbox 649 615 680 680; x_wconf 90' lang='lat' dir='ltr'>in</span> <span class='ocrx_word' id='word_1_5' title='bbox 691 617 865 681; x_wconf 75' lang='lat' dir='ltr'>cauterium</span> <span class='ocrx_word' id='word_1_6' title='bbox 876 615 1028 680; x_wconf 83' lang='lat' dir='ltr'>orationis</span> <span class='ocrx_word' id='word_1_7' title='bbox 1039 635 1179 702; x_wconf 75' lang='lat' dir='ltr'>magnam</span> <span class='ocrx_word' id='word_1_8' title='bbox 1192 635 1341 682; x_wconf 82' lang='lat' dir='ltr'>exercere</span> <span class='ocrx_word' id='word_1_9' title='bbox 1352 617 1420 696; x_wconf 83' lang='lat' dir='ltr'>vin,</span> 
     </span>
     <span class='ocr_line' id='line_1_3' title="bbox 235 721 1421 808; baseline 0.003 -26"><span class='ocrx_word' id='word_1_10' title='bbox 235 741 325 786; x_wconf 78' lang='lat' dir='ltr'>neruo</span> <span class='ocrx_word' id='word_1_11' title='bbox 342 721 506 802; x_wconf 72' lang='lat' dir='ltr'>dubitabit,</span> <span class='ocrx_word' id='word_1_12' title='bbox 523 723 658 806; x_wconf 86' lang='lat' dir='ltr'>quirem</span> <span class='ocrx_word' id='word_1_13' title='bbox 674 721 736 786; x_wconf 88' lang='lat' dir='ltr'>rite</span> <span class='ocrx_word' id='word_1_14' title='bbox 752 723 963 808; x_wconf 85' lang='lat' dir='ltr'>perpenderit.</span> <span class='ocrx_word' id='word_1_15' title='bbox 988 723 1066 788; x_wconf 85' lang='lat' dir='ltr'>Cum</span> <span class='ocrx_word' id='word_1_16' title='bbox 1089 722 1168 786; x_wconf 87' lang='lat' dir='ltr'>euim</span> <span class='ocrx_word' id='word_1_17' title='bbox 1190 723 1358 806; x_wconf 81' lang='lat' dir='ltr'>loquentes</span> <span class='ocrx_word' id='word_1_18' title='bbox 1374 743 1421 786; x_wconf 90' lang='lat' dir='ltr'>se-</span> 
     </span>
     <span class='ocr_line' id='line_1_4' title="bbox 235 830 1422 917; baseline 0.002 -24"><span class='ocrx_word' id='word_1_19' title='bbox 235 832 367 894; x_wconf 90' lang='lat' dir='ltr'>cuudum</span> <span class='ocrx_word' id='word_1_20' title='bbox 384 831 552 908; x_wconf 84' lang='lat' dir='ltr'>culturam,</span> <span class='ocrx_word' id='word_1_21' title='bbox 577 853 638 916; x_wconf 81' lang='lat' dir='ltr'>qua</span> <span class='ocrx_word' id='word_1_22' title='bbox 653 830 764 896; x_wconf 83' lang='lat' dir='ltr'>imbuti</span> <span class='ocrx_word' id='word_1_23' title='bbox 779 837 868 911; x_wconf 85' lang='lat' dir='ltr'>snut,</span> <span class='ocrx_word' id='word_1_24' title='bbox 893 833 1028 896; x_wconf 85' lang='lat' dir='ltr'>sentiant</span> <span class='ocrx_word' id='word_1_25' title='bbox 1044 831 1263 917; x_wconf 76' lang='lat' dir='ltr'>cogiteutqne,</span> <span class='ocrx_word' id='word_1_26' title='bbox 1288 853 1350 895; x_wconf 95' lang='lat' dir='ltr'>nou</span> <span class='ocrx_word' id='word_1_27' title='bbox 1366 852 1422 913; x_wconf 92' lang='lat' dir='ltr'>po·</span> 
     </span>
     <span class='ocr_line' id='line_1_5' title="bbox 233 937 1422 1023; baseline 0.002 -21"><span class='ocrx_word' id='word_1_28' title='bbox 233 943 298 1002; x_wconf 87' lang='lat' dir='ltr'>test</span> <span class='ocrx_word' id='word_1_29' title='bbox 314 937 399 1022; x_wconf 81' lang='lat' dir='ltr'>tier-i,</span> <span class='ocrx_word' id='word_1_30' title='bbox 417 939 489 1023; x_wconf 86' lang='lat' dir='ltr'>quio</span> <span class='ocrx_word' id='word_1_31' title='bbox 507 959 615 1004; x_wconf 87' lang='lat' dir='ltr'>eorum</span> <span class='ocrx_word' id='word_1_32' title='bbox 631 940 775 1006; x_wconf 83' lang='lat' dir='ltr'>notiones</span> <span class='ocrx_word' id='word_1_33' title='bbox 796 961 854 1023; x_wconf 87' lang='lat' dir='ltr'>pro</span> <span class='ocrx_word' id='word_1_34' title='bbox 870 939 956 1004; x_wconf 85' lang='lat' dir='ltr'>iltius</span> <span class='ocrx_word' id='word_1_35' title='bbox 972 939 1154 1004; x_wconf 59' lang='lat' dir='ltr'>&amp;versitate</span> <span class='ocrx_word' id='word_1_36' title='bbox 1182 939 1328 1004; x_wconf 86' lang='lat' dir='ltr'>diversae</span> <span class='ocrx_word' id='word_1_37' title='bbox 1351 940 1422 1018; x_wconf 85' lang='lat' dir='ltr'>sint,</span> 
     </span>
     <span class='ocr_line' id='line_1_6' title="bbox 233 1048 1424 1134; baseline 0.001 -23"><span class='ocrx_word' id='word_1_38' title='bbox 233 1049 284 1112; x_wconf 84' lang='lat' dir='ltr'>vel</span> <span class='ocrx_word' id='word_1_39' title='bbox 300 1053 386 1112; x_wconf 86' lang='lat' dir='ltr'>certe</span> <span class='ocrx_word' id='word_1_40' title='bbox 402 1049 524 1113; x_wconf 88' lang='lat' dir='ltr'>ratione</span> <span class='ocrx_word' id='word_1_41' title='bbox 539 1049 623 1113; x_wconf 89' lang='lat' dir='ltr'>modi</span> <span class='ocrx_word' id='word_1_42' title='bbox 638 1053 692 1114; x_wconf 85' lang='lat' dir='ltr'>unt</span> <span class='ocrx_word' id='word_1_43' title='bbox 706 1051 823 1134; x_wconf 75' lang='lat' dir='ltr'>gradus</span> <span class='ocrx_word' id='word_1_44' title='bbox 838 1048 1041 1132; x_wconf 77' lang='lat' dir='ltr'>perfeetionis</span> <span class='ocrx_word' id='word_1_45' title='bbox 1057 1048 1128 1134; x_wconf 85' lang='lat' dir='ltr'>plus</span> <span class='ocrx_word' id='word_1_46' title='bbox 1143 1048 1281 1114; x_wconf 84' lang='lat' dir='ltr'>minnere</span> <span class='ocrx_word' id='word_1_47' title='bbox 1303 1049 1424 1112; x_wconf 85' lang='lat' dir='ltr'>discre-</span> 
     </span>
     <span class='ocr_line' id='line_1_7' title="bbox 234 1155 1422 1243; baseline 0.002 -23"><span class='ocrx_word' id='word_1_48' title='bbox 234 1161 318 1240; x_wconf 82' lang='lat' dir='ltr'>pent.</span> <span class='ocrx_word' id='word_1_49' title='bbox 342 1155 410 1220; x_wconf 89' lang='lat' dir='ltr'>Nee</span> <span class='ocrx_word' id='word_1_50' title='bbox 426 1157 526 1221; x_wconf 90' lang='lat' dir='ltr'>miuus</span> <span class='ocrx_word' id='word_1_51' title='bbox 537 1160 649 1242; x_wconf 74' lang='lat' dir='ltr'>forma</span> <span class='ocrx_word' id='word_1_52' title='bbox 664 1157 797 1240; x_wconf 89' lang='lat' dir='ltr'>dicendi,</span> <span class='ocrx_word' id='word_1_53' title='bbox 820 1159 853 1221; x_wconf 93' lang='lat' dir='ltr'>id</span> <span class='ocrx_word' id='word_1_54' title='bbox 870 1163 933 1240; x_wconf 88' lang='lat' dir='ltr'>est,</span> <span class='ocrx_word' id='word_1_55' title='bbox 957 1158 1038 1222; x_wconf 86' lang='lat' dir='ltr'>ratio</span> <span class='ocrx_word' id='word_1_56' title='bbox 1056 1159 1195 1243; x_wconf 74' lang='lat' dir='ltr'>cogitata</span> <span class='ocrx_word' id='word_1_57' title='bbox 1216 1157 1278 1222; x_wconf 86' lang='lat' dir='ltr'>hoc</span> <span class='ocrx_word' id='word_1_58' title='bbox 1294 1158 1345 1222; x_wconf 85' lang='lat' dir='ltr'>uel</span> <span class='ocrx_word' id='word_1_59' title='bbox 1362 1157 1422 1224; x_wconf 83' lang='lat' dir='ltr'>alin</span> 
     </span>
     <span class='ocr_line' id='line_1_8' title="bbox 234 1264 1423 1346; baseline 0 -20"><span class='ocrx_word' id='word_1_60' title='bbox 234 1264 327 1328; x_wconf 81' lang='lat' dir='ltr'>modo</span> <span class='ocrx_word' id='word_1_61' title='bbox 344 1264 416 1346; x_wconf 86' lang='lat' dir='ltr'>plns</span> <span class='ocrx_word' id='word_1_62' title='bbox 432 1264 569 1330; x_wconf 85' lang='lat' dir='ltr'>minusue</span> <span class='ocrx_word' id='word_1_63' title='bbox 594 1265 680 1328; x_wconf 84' lang='lat' dir='ltr'>claro</span> <span class='ocrx_word' id='word_1_64' title='bbox 701 1270 732 1328; x_wconf 91' lang='lat' dir='ltr'>et</span> <span class='ocrx_word' id='word_1_65' title='bbox 752 1271 901 1332; x_wconf 86' lang='lat' dir='ltr'>accurato</span> <span class='ocrx_word' id='word_1_66' title='bbox 924 1265 1156 1344; x_wconf 77' lang='lat' dir='ltr'>manifestandi,</span> <span class='ocrx_word' id='word_1_67' title='bbox 1181 1265 1362 1328; x_wconf 88' lang='lat' dir='ltr'>declarandi</span> <span class='ocrx_word' id='word_1_68' title='bbox 1388 1286 1423 1327; x_wconf 88' lang='lat' dir='ltr'>ac</span> 
     </span>
    </p>
   </div>
   <div class='ocr_carea' id='block_1_3' title="bbox 234 1370 1532 1460">
    <p class='ocr_par' dir='ltr' id='par_1_3' title="bbox 234 1370 1532 1460">
     <span class='ocr_line' id='line_1_9' title="bbox 234 1370 1532 1460; baseline -0.002 -24"><span class='ocrx_word' id='word_1_69' title='bbox 234 1370 436 1438; x_wconf 85' lang='lat' dir='ltr'>confirmandi</span> <span class='ocrx_word' id='word_1_70' title='bbox 453 1395 471 1438; x_wconf 88' lang='lat' dir='ltr'>a</span> <span class='ocrx_word' id='word_1_71' title='bbox 487 1374 610 1438; x_wconf 86' lang='lat' dir='ltr'>cultura</span> <span class='ocrx_word' id='word_1_72' title='bbox 624 1374 741 1459; x_wconf 79' lang='lat' dir='ltr'>ingenii</span> <span class='ocrx_word' id='word_1_73' title='bbox 755 1376 880 1458; x_wconf 77' lang='lat' dir='ltr'>pendet.</span> <span class='ocrx_word' id='word_1_74' title='bbox 908 1374 996 1438; x_wconf 83' lang='lat' dir='ltr'>Unde</span> <span class='ocrx_word' id='word_1_75' title='bbox 1017 1373 1111 1438; x_wconf 82' lang='lat' dir='ltr'>facile</span> <span class='ocrx_word' id='word_1_76' title='bbox 1137 1373 1326 1460; x_wconf 74' lang='lat' dir='ltr'>inteligitur</span> <span class='ocrx_word' id='word_1_77' title='bbox 1337 1423 1347 1456; x_wconf 95' lang='lat'>,</span> <span class='ocrx_word' id='word_1_78' title='bbox 1375 1373 1423 1436; x_wconf 91' lang='lat' dir='ltr'>lo·</span> <span class='ocrx_word' id='word_1_79' title='bbox 1531 1399 1532 1420; x_wconf 59' lang='lat'>1</span> 
     </span>
    </p>
   </div>
   <div class='ocr_carea' id='block_1_4' title="bbox 211 1480 1422 2978">
    <p class='ocr_par' dir='ltr' id='par_1_4' title="bbox 230 1480 1422 1782">
     <span class='ocr_line' id='line_1_10' title="bbox 232 1480 1422 1568; baseline 0.001 -25"><span class='ocrx_word' id='word_1_80' title='bbox 232 1481 357 1564; x_wconf 91' lang='lat' dir='ltr'>quentis</span> <span class='ocrx_word' id='word_1_81' title='bbox 374 1482 526 1545; x_wconf 86' lang='lat' dir='ltr'>culturam</span> <span class='ocrx_word' id='word_1_82' title='bbox 543 1486 608 1548; x_wconf 87' lang='lat' dir='ltr'>tum</span> <span class='ocrx_word' id='word_1_83' title='bbox 623 1483 746 1546; x_wconf 86' lang='lat' dir='ltr'>ratione</span> <span class='ocrx_word' id='word_1_84' title='bbox 761 1482 910 1548; x_wconf 85' lang='lat' dir='ltr'>materiae</span> <span class='ocrx_word' id='word_1_85' title='bbox 934 1488 998 1546; x_wconf 92' lang='lat' dir='ltr'>tum</span> <span class='ocrx_word' id='word_1_86' title='bbox 1014 1482 1137 1548; x_wconf 86' lang='lat' dir='ltr'>ratione</span> <span class='ocrx_word' id='word_1_87' title='bbox 1152 1482 1272 1546; x_wconf 82' lang='lat' dir='ltr'>formae</span> <span class='ocrx_word' id='word_1_88' title='bbox 1289 1480 1422 1568; x_wconf 82' lang='lat' dir='ltr'>diligen·</span> 
     </span>
     <span class='ocr_line' id='line_1_11' title="bbox 230 1588 1422 1676; baseline -0.002 -24"><span class='ocrx_word' id='word_1_89' title='bbox 230 1592 282 1652; x_wconf 86' lang='lat' dir='ltr'>ter</span> <span class='ocrx_word' id='word_1_90' title='bbox 298 1589 553 1654; x_wconf 87' lang='lat' dir='ltr'>considerandam</span> <span class='ocrx_word' id='word_1_91' title='bbox 570 1611 650 1672; x_wconf 88' lang='lat' dir='ltr'>esse,</span> <span class='ocrx_word' id='word_1_92' title='bbox 666 1595 703 1654; x_wconf 88' lang='lat' dir='ltr'>ut</span> <span class='ocrx_word' id='word_1_93' title='bbox 717 1591 880 1674; x_wconf 86' lang='lat' dir='ltr'>notiones,</span> <span class='ocrx_word' id='word_1_94' title='bbox 904 1610 983 1676; x_wconf 86' lang='lat' dir='ltr'>quae</span> <span class='ocrx_word' id='word_1_95' title='bbox 999 1590 1103 1656; x_wconf 81' lang='lat' dir='ltr'>verbis</span> <span class='ocrx_word' id='word_1_96' title='bbox 1119 1588 1279 1673; x_wconf 88' lang='lat' dir='ltr'>subjectae</span> <span class='ocrx_word' id='word_1_97' title='bbox 1295 1589 1422 1667; x_wconf 85' lang='lat' dir='ltr'>tuerint,</span> 
     </span>
     <span class='ocr_line' id='line_1_12' title="bbox 232 1698 873 1782; baseline 0.003 -22"><span class='ocrx_word' id='word_1_98' title='bbox 232 1716 400 1782; x_wconf 89' lang='lat' dir='ltr'>earumque</span> <span class='ocrx_word' id='word_1_99' title='bbox 416 1698 556 1764; x_wconf 88' lang='lat' dir='ltr'>rationes</span> <span class='ocrx_word' id='word_1_100' title='bbox 571 1700 633 1764; x_wconf 85' lang='lat' dir='ltr'>rite</span> <span class='ocrx_word' id='word_1_101' title='bbox 648 1699 873 1782; x_wconf 88' lang='lat' dir='ltr'>percipiantur.</span> 
     </span>
    </p>

    <p class='ocr_par' dir='ltr' id='par_1_5' title="bbox 229 1803 1422 2652">
     <span class='ocr_line' id='line_1_13' title="bbox 322 1803 1422 1890; baseline -0.003 -20"><span class='ocrx_word' id='word_1_102' title='bbox 322 1807 415 1871; x_wconf 88' lang='lat' dir='ltr'>Sient</span> <span class='ocrx_word' id='word_1_103' title='bbox 429 1829 503 1872; x_wconf 88' lang='lat' dir='ltr'>vero</span> <span class='ocrx_word' id='word_1_104' title='bbox 521 1808 677 1890; x_wconf 86' lang='lat' dir='ltr'>interpres</span> <span class='ocrx_word' id='word_1_105' title='bbox 692 1806 852 1890; x_wconf 88' lang='lat' dir='ltr'>loquentis</span> <span class='ocrx_word' id='word_1_106' title='bbox 868 1805 1021 1870; x_wconf 88' lang='lat' dir='ltr'>culturam</span> <span class='ocrx_word' id='word_1_107' title='bbox 1038 1825 1131 1870; x_wconf 87' lang='lat' dir='ltr'>nosse</span> <span class='ocrx_word' id='word_1_108' title='bbox 1146 1805 1250 1884; x_wconf 85' lang='lat' dir='ltr'>debet,</span> <span class='ocrx_word' id='word_1_109' title='bbox 1267 1804 1314 1868; x_wconf 90' lang='lat' dir='ltr'>ita</span> <span class='ocrx_word' id='word_1_110' title='bbox 1329 1803 1422 1868; x_wconf 82' lang='lat' dir='ltr'>etiam</span> 
     </span>
     <span class='ocr_line' id='line_1_14' title="bbox 230 1913 1422 2001; baseline 0 -23"><span class='ocrx_word' id='word_1_111' title='bbox 230 1913 368 1996; x_wconf 89' lang='lat' dir='ltr'>ejusdem</span> <span class='ocrx_word' id='word_1_112' title='bbox 391 1919 555 2000; x_wconf 83' lang='lat' dir='ltr'>animum,</span> <span class='ocrx_word' id='word_1_113' title='bbox 579 1918 633 1999; x_wconf 86' lang='lat' dir='ltr'>qui</span> <span class='ocrx_word' id='word_1_114' title='bbox 647 1917 717 2001; x_wconf 89' lang='lat' dir='ltr'>pari</span> <span class='ocrx_word' id='word_1_115' title='bbox 744 1916 865 1980; x_wconf 83' lang='lat' dir='ltr'>ratione</span> <span class='ocrx_word' id='word_1_116' title='bbox 891 1937 953 1980; x_wconf 91' lang='lat' dir='ltr'>uon</span> <span class='ocrx_word' id='word_1_117' title='bbox 973 1915 1127 1980; x_wconf 85' lang='lat' dir='ltr'>salumin</span> <span class='ocrx_word' id='word_1_118' title='bbox 1147 1913 1331 1979; x_wconf 86' lang='lat' dir='ltr'>notionibus</span> <span class='ocrx_word' id='word_1_119' title='bbox 1346 1934 1422 1996; x_wconf 88' lang='lat' dir='ltr'>pro·</span> 
     </span>
     <span class='ocr_line' id='line_1_15' title="bbox 232 2022 1422 2108; baseline 0 -22"><span class='ocrx_word' id='word_1_120' title='bbox 232 2025 374 2088; x_wconf 77' lang='lat' dir='ltr'>creandis</span> <span class='ocrx_word' id='word_1_121' title='bbox 397 2045 435 2090; x_wconf 85' lang='lat' dir='ltr'>ac</span> <span class='ocrx_word' id='word_1_122' title='bbox 457 2025 684 2107; x_wconf 67' lang='lat' dir='ltr'>comedendis,</span> <span class='ocrx_word' id='word_1_123' title='bbox 708 2025 764 2088; x_wconf 90' lang='lat' dir='ltr'>sed</span> <span class='ocrx_word' id='word_1_124' title='bbox 782 2026 875 2088; x_wconf 87' lang='lat' dir='ltr'>etiam</span> <span class='ocrx_word' id='word_1_125' title='bbox 890 2025 923 2088; x_wconf 90' lang='lat' dir='ltr'>in</span> <span class='ocrx_word' id='word_1_126' title='bbox 939 2023 1048 2088; x_wconf 88' lang='lat' dir='ltr'>iisdem</span> <span class='ocrx_word' id='word_1_127' title='bbox 1064 2023 1275 2108; x_wconf 80' lang='lat' dir='ltr'>proponendis</span> <span class='ocrx_word' id='word_1_128' title='bbox 1289 2022 1354 2086; x_wconf 80' lang='lat' dir='ltr'>vina</span> <span class='ocrx_word' id='word_1_129' title='bbox 1370 2042 1422 2086; x_wconf 87' lang='lat' dir='ltr'>ex·</span> 
     </span>
     <span class='ocr_line' id='line_1_16' title="bbox 231 2131 1422 2216; baseline 0 -22"><span class='ocrx_word' id='word_1_130' title='bbox 231 2133 327 2212; x_wconf 85' lang='lat' dir='ltr'>serit,</span> <span class='ocrx_word' id='word_1_131' title='bbox 352 2133 545 2216; x_wconf 83' lang='lat' dir='ltr'>exploratum</span> <span class='ocrx_word' id='word_1_132' title='bbox 562 2134 674 2198; x_wconf 87' lang='lat' dir='ltr'>habeat</span> <span class='ocrx_word' id='word_1_133' title='bbox 684 2183 693 2216; x_wconf 95' lang='lat'>,</span> <span class='ocrx_word' id='word_1_134' title='bbox 709 2137 745 2196; x_wconf 92' lang='lat' dir='ltr'>ut</span> <span class='ocrx_word' id='word_1_135' title='bbox 762 2153 889 2197; x_wconf 88' lang='lat' dir='ltr'>sensnm</span> <span class='ocrx_word' id='word_1_136' title='bbox 906 2132 1062 2196; x_wconf 89' lang='lat' dir='ltr'>dictorum</span> <span class='ocrx_word' id='word_1_137' title='bbox 1078 2131 1140 2196; x_wconf 88' lang='lat' dir='ltr'>rite</span> <span class='ocrx_word' id='word_1_138' title='bbox 1157 2131 1324 2216; x_wconf 84' lang='lat' dir='ltr'>intelligat.</span> <span class='ocrx_word' id='word_1_139' title='bbox 1347 2132 1422 2194; x_wconf 79' lang='lat' dir='ltr'>Eam</span> 
     </span>
     <span class='ocr_line' id='line_1_17' title="bbox 229 2239 1420 2328; baseline 0.001 -27"><span class='ocrx_word' id='word_1_140' title='bbox 229 2260 304 2304; x_wconf 83' lang='lat' dir='ltr'>vero</span> <span class='ocrx_word' id='word_1_141' title='bbox 321 2243 701 2326; x_wconf 82' lang='lat' dir='ltr'>animidiopooitionem,</span> <span class='ocrx_word' id='word_1_142' title='bbox 725 2261 804 2326; x_wconf 86' lang='lat' dir='ltr'>quae</span> <span class='ocrx_word' id='word_1_143' title='bbox 826 2242 858 2304; x_wconf 91' lang='lat' dir='ltr'>in</span> <span class='ocrx_word' id='word_1_144' title='bbox 879 2240 1037 2328; x_wconf 85' lang='lat' dir='ltr'>loquentis</span> <span class='ocrx_word' id='word_1_145' title='bbox 1060 2261 1183 2306; x_wconf 85' lang='lat' dir='ltr'>sensum</span> <span class='ocrx_word' id='word_1_146' title='bbox 1205 2239 1268 2302; x_wconf 85' lang='lat' dir='ltr'>vim</span> <span class='ocrx_word' id='word_1_147' title='bbox 1285 2243 1420 2316; x_wconf 84' lang='lat' dir='ltr'>exercet,</span> 
     </span>
     <span class='ocr_line' id='line_1_18' title="bbox 230 2347 1421 2432; baseline -0.002 -20"><span class='ocrx_word' id='word_1_148' title='bbox 230 2349 263 2412; x_wconf 92' lang='lat' dir='ltr'>iu</span> <span class='ocrx_word' id='word_1_149' title='bbox 286 2359 486 2414; x_wconf 70' lang='lat' dir='ltr'>constantem</span> <span class='ocrx_word' id='word_1_150' title='bbox 502 2355 534 2412; x_wconf 91' lang='lat' dir='ltr'>et</span> <span class='ocrx_word' id='word_1_151' title='bbox 549 2353 787 2432; x_wconf 81' lang='lat' dir='ltr'>temporariam</span> <span class='ocrx_word' id='word_1_152' title='bbox 803 2348 982 2412; x_wconf 88' lang='lat' dir='ltr'>discernere</span> <span class='ocrx_word' id='word_1_153' title='bbox 993 2347 1093 2432; x_wconf 87' lang='lat' dir='ltr'>juvat.</span> <span class='ocrx_word' id='word_1_154' title='bbox 1129 2349 1178 2412; x_wconf 79' lang='lat' dir='ltr'>Ad</span> <span class='ocrx_word' id='word_1_155' title='bbox 1204 2347 1345 2430; x_wconf 83' lang='lat' dir='ltr'>priorem</span> <span class='ocrx_word' id='word_1_156' title='bbox 1372 2347 1421 2410; x_wconf 86' lang='lat' dir='ltr'>lo·</span> 
     </span>
     <span class='ocr_line' id='line_1_19' title="bbox 231 2455 1421 2540; baseline 0 -22"><span class='ocrx_word' id='word_1_157' title='bbox 231 2455 357 2537; x_wconf 88' lang='lat' dir='ltr'>quentis</span> <span class='ocrx_word' id='word_1_158' title='bbox 374 2459 619 2539; x_wconf 79' lang='lat' dir='ltr'>elrorocterem,</span> <span class='ocrx_word' id='word_1_159' title='bbox 646 2462 683 2520; x_wconf 89' lang='lat' dir='ltr'>ut</span> <span class='ocrx_word' id='word_1_160' title='bbox 696 2463 830 2535; x_wconf 87' lang='lat' dir='ltr'>vocant,</span> <span class='ocrx_word' id='word_1_161' title='bbox 856 2457 971 2536; x_wconf 88' lang='lat' dir='ltr'>idest,</span> <span class='ocrx_word' id='word_1_162' title='bbox 998 2477 1103 2522; x_wconf 82' lang='lat' dir='ltr'>mores</span> <span class='ocrx_word' id='word_1_163' title='bbox 1121 2456 1285 2540; x_wconf 86' lang='lat' dir='ltr'>proprios,</span> <span class='ocrx_word' id='word_1_164' title='bbox 1309 2455 1421 2540; x_wconf 88' lang='lat' dir='ltr'>quibus</span> 
     </span>
     <span class='ocr_line' id='line_1_20' title="bbox 233 2565 1420 2652; baseline 0 -24"><span class='ocrx_word' id='word_1_165' title='bbox 233 2585 290 2628; x_wconf 89' lang='lat' dir='ltr'>ocu</span> <span class='ocrx_word' id='word_1_166' title='bbox 313 2565 447 2650; x_wconf 79' lang='lat' dir='ltr'>imagine</span> <span class='ocrx_word' id='word_1_167' title='bbox 472 2585 619 2648; x_wconf 87' lang='lat' dir='ltr'>expressa</span> <span class='ocrx_word' id='word_1_168' title='bbox 643 2567 681 2629; x_wconf 86' lang='lat' dir='ltr'>ab</span> <span class='ocrx_word' id='word_1_169' title='bbox 704 2567 775 2630; x_wconf 83' lang='lat' dir='ltr'>aliis</span> <span class='ocrx_word' id='word_1_170' title='bbox 797 2565 1011 2652; x_wconf 78' lang='lat' dir='ltr'>distinguitur,</span> <span class='ocrx_word' id='word_1_171' title='bbox 1035 2567 1073 2630; x_wconf 86' lang='lat' dir='ltr'>ud</span> <span class='ocrx_word' id='word_1_172' title='bbox 1091 2565 1300 2649; x_wconf 81' lang='lat' dir='ltr'>posteriorem</span> <span class='ocrx_word' id='word_1_173' title='bbox 1317 2569 1420 2650; x_wconf 78' lang='lat' dir='ltr'>affec·</span> 
     </span>
    </p>

    <p class='ocr_par' dir='ltr' id='par_1_6' title="bbox 211 2673 1422 2978">
     <span class='ocr_line' id='line_1_21' title="bbox 211 2673 1421 2758; baseline -0.002 -19"><span class='ocrx_word' id='word_1_174' title='bbox 211 2686 297 2739; x_wconf 81' lang='lat' dir='ltr'>&#39;tum</span> <span class='ocrx_word' id='word_1_175' title='bbox 312 2695 367 2738; x_wconf 90' lang='lat' dir='ltr'>seu</span> <span class='ocrx_word' id='word_1_176' title='bbox 384 2679 499 2738; x_wconf 86' lang='lat' dir='ltr'>statum</span> <span class='ocrx_word' id='word_1_177' title='bbox 516 2675 609 2739; x_wconf 87' lang='lat' dir='ltr'>animi</span> <span class='ocrx_word' id='word_1_178' title='bbox 625 2677 697 2740; x_wconf 87' lang='lat' dir='ltr'>data</span> <span class='ocrx_word' id='word_1_179' title='bbox 714 2677 878 2740; x_wconf 86' lang='lat' dir='ltr'>occasione</span> <span class='ocrx_word' id='word_1_180' title='bbox 896 2675 1052 2754; x_wconf 90' lang='lat' dir='ltr'>commoti,</span> <span class='ocrx_word' id='word_1_181' title='bbox 1078 2691 1192 2758; x_wconf 84' lang='lat' dir='ltr'>easque</span> <span class='ocrx_word' id='word_1_182' title='bbox 1219 2673 1347 2736; x_wconf 89' lang='lat' dir='ltr'>dicendi</span> <span class='ocrx_word' id='word_1_183' title='bbox 1370 2694 1421 2737; x_wconf 89' lang='lat' dir='ltr'>ra·</span> 
     </span>
     <span class='ocr_line' id='line_1_22' title="bbox 231 2781 1422 2868; baseline -0.003 -22"><span class='ocrx_word' id='word_1_184' title='bbox 231 2783 344 2862; x_wconf 88' lang='lat' dir='ltr'>tiones,</span> <span class='ocrx_word' id='word_1_185' title='bbox 363 2783 474 2868; x_wconf 87' lang='lat' dir='ltr'>quihus</span> <span class='ocrx_word' id='word_1_186' title='bbox 490 2781 622 2848; x_wconf 83' lang='lat' dir='ltr'>affectus</span> <span class='ocrx_word' id='word_1_187' title='bbox 638 2785 830 2848; x_wconf 76' lang='lat' dir='ltr'>manifestari</span> <span class='ocrx_word' id='word_1_188' title='bbox 856 2783 954 2864; x_wconf 90' lang='lat' dir='ltr'>solet,</span> <span class='ocrx_word' id='word_1_189' title='bbox 981 2781 1155 2847; x_wconf 80' lang='lat' dir='ltr'>referimus.</span> <span class='ocrx_word' id='word_1_190' title='bbox 1184 2783 1294 2865; x_wconf 88' lang='lat' dir='ltr'>ltaque</span> <span class='ocrx_word' id='word_1_191' title='bbox 1314 2781 1347 2844; x_wconf 91' lang='lat' dir='ltr'>in</span> <span class='ocrx_word' id='word_1_192' title='bbox 1363 2781 1422 2844; x_wconf 88' lang='lat' dir='ltr'>hoo</span> 
     </span>
     <span class='ocr_line' id='line_1_23' title="bbox 231 2891 629 2978; baseline -0.005 -20"><span class='ocrx_word' id='word_1_193' title='bbox 231 2891 365 2958; x_wconf 83' lang='lat' dir='ltr'>articulo</span> <span class='ocrx_word' id='word_1_194' title='bbox 382 2893 533 2978; x_wconf 83' lang='lat' dir='ltr'>agendum</span> <span class='ocrx_word' id='word_1_195' title='bbox 551 2893 629 2958; x_wconf 83' lang='lat' dir='ltr'>erit:</span> 
     </span>
    </p>
   </div>
   <div class='ocr_carea' id='block_1_5' title="bbox 232 3002 1422 3196">
    <p class='ocr_par' dir='ltr' id='par_1_7' title="bbox 232 3002 1422 3196">
     <span class='ocr_line' id='line_1_24' title="bbox 338 3002 1422 3088; baseline -0.001 -23"><span class='ocrx_word' id='word_1_196' title='bbox 338 3004 362 3065; x_wconf 88' lang='lat'>1.</span> <span class='ocrx_word' id='word_1_197' title='bbox 387 3005 442 3066; x_wconf 89' lang='lat' dir='ltr'>De</span> <span class='ocrx_word' id='word_1_198' title='bbox 457 3005 620 3084; x_wconf 81' lang='lat' dir='ltr'>loquentis</span> <span class='ocrx_word' id='word_1_199' title='bbox 634 3007 774 3086; x_wconf 82' lang='lat' dir='ltr'>cultura,</span> <span class='ocrx_word' id='word_1_200' title='bbox 799 3008 952 3088; x_wconf 87' lang='lat' dir='ltr'>quatenus</span> <span class='ocrx_word' id='word_1_201' title='bbox 967 3004 999 3068; x_wconf 92' lang='lat' dir='ltr'>in</span> <span class='ocrx_word' id='word_1_202' title='bbox 1014 3002 1145 3068; x_wconf 82' lang='lat' dir='ltr'>materia</span> <span class='ocrx_word' id='word_1_203' title='bbox 1167 3008 1199 3068; x_wconf 90' lang='lat' dir='ltr'>et</span> <span class='ocrx_word' id='word_1_204' title='bbox 1215 3007 1369 3087; x_wconf 87' lang='lat' dir='ltr'>quatenus</span> <span class='ocrx_word' id='word_1_205' title='bbox 1393 3002 1422 3064; x_wconf 92' lang='lat' dir='ltr'>iu</span> 
     </span>
     <span class='ocr_line' id='line_1_25' title="bbox 232 3109 637 3196; baseline 0.007 -26"><span class='ocrx_word' id='word_1_206' title='bbox 232 3109 333 3172; x_wconf 88' lang='lat' dir='ltr'>forma</span> <span class='ocrx_word' id='word_1_207' title='bbox 348 3109 435 3173; x_wconf 86' lang='lat' dir='ltr'>vario</span> <span class='ocrx_word' id='word_1_208' title='bbox 452 3111 544 3174; x_wconf 89' lang='lat' dir='ltr'>modo</span> <span class='ocrx_word' id='word_1_209' title='bbox 561 3112 637 3196; x_wconf 80' lang='lat' dir='ltr'>ugit.</span> 
     </span>
    </p>
   </div>
   <div class='ocr_carea' id='block_1_6' title="bbox 234 3181 1534 3414">
    <p class='ocr_par' dir='ltr' id='par_1_8' title="bbox 234 3181 1534 3414">
     <span class='ocr_line' id='line_1_26' title="bbox 324 3181 1534 3304; baseline 0.001 -25"><span class='ocrx_word' id='word_1_210' title='bbox 324 3219 361 3284; x_wconf 90' lang='grc'>11.</span> <span class='ocrx_word' id='word_1_211' title='bbox 385 3221 441 3284; x_wconf 90' lang='lat' dir='ltr'>De</span> <span class='ocrx_word' id='word_1_212' title='bbox 455 3221 679 3302; x_wconf 78' lang='lat' dir='ltr'>dispositione</span> <span class='ocrx_word' id='word_1_213' title='bbox 703 3222 816 3301; x_wconf 82' lang='lat' dir='ltr'>animi,</span> <span class='ocrx_word' id='word_1_214' title='bbox 840 3224 988 3304; x_wconf 90' lang='lat' dir='ltr'>quantum</span> <span class='ocrx_word' id='word_1_215' title='bbox 1015 3219 1053 3282; x_wconf 90' lang='lat' dir='ltr'>ad</span> <span class='ocrx_word' id='word_1_216' title='bbox 1077 3218 1234 3300; x_wconf 84' lang='lat' dir='ltr'>loquentis</span> <span class='ocrx_word' id='word_1_217' title='bbox 1258 3219 1422 3282; x_wconf 85' lang='lat' dir='ltr'>oharuote·</span> <span class='ocrx_word' id='word_1_218' title='bbox 1533 3181 1534 3264; x_wconf 20' lang='grc' dir='ltr'>Τ</span> 
     </span>
     <span class='ocr_line' id='line_1_27' title="bbox 234 3325 1315 3414; baseline 0 -26"><span class='ocrx_word' id='word_1_219' title='bbox 234 3347 299 3392; x_wconf 84' lang='lat' dir='ltr'>rem</span> <span class='ocrx_word' id='word_1_220' title='bbox 323 3332 355 3390; x_wconf 90' lang='lat' dir='ltr'>et</span> <span class='ocrx_word' id='word_1_221' title='bbox 371 3325 515 3392; x_wconf 84' lang='lat' dir='ltr'>affectum</span> <span class='ocrx_word' id='word_1_222' title='bbox 531 3331 672 3414; x_wconf 83' lang='lat' dir='ltr'>spectat,</span> <span class='ocrx_word' id='word_1_223' title='bbox 698 3335 729 3393; x_wconf 88' lang='lat' dir='ltr'>et</span> <span class='ocrx_word' id='word_1_224' title='bbox 748 3329 780 3392; x_wconf 91' lang='lat' dir='ltr'>in</span> <span class='ocrx_word' id='word_1_225' title='bbox 796 3328 953 3392; x_wconf 88' lang='lat' dir='ltr'>dictorum</span> <span class='ocrx_word' id='word_1_226' title='bbox 969 3347 1094 3391; x_wconf 89' lang='lat' dir='ltr'>sensum</span> <span class='ocrx_word' id='word_1_227' title='bbox 1109 3327 1170 3390; x_wconf 87' lang='lat' dir='ltr'>vim</span> <span class='ocrx_word' id='word_1_228' title='bbox 1187 3325 1315 3390; x_wconf 86' lang='lat' dir='ltr'>exserit.</span> 
     </span>
    </p>
   </div>
   <div class='ocr_carea' id='block_1_7' title="bbox 416 3539 1242 3744">
    <p class='ocr_par' dir='ltr' id='par_1_9' title="bbox 416 3539 1242 3744">
     <span class='ocr_line' id='line_1_28' title="bbox 603 3539 1194 3614; baseline 0.005 -18"><span class='ocrx_word' id='word_1_229' title='bbox 603 3543 626 3596; x_wconf 79' lang='grc' dir='ltr'>ι.</span> <span class='ocrx_word' id='word_1_230' title='bbox 644 3539 854 3610; x_wconf 82' lang='lat' dir='ltr'>noounums</span> <span class='ocrx_word' id='word_1_231' title='bbox 873 3541 1058 3608; x_wconf 78' lang='lat' dir='ltr'>cunnum,</span> <span class='ocrx_word' id='word_1_232' title='bbox 1189 3591 1194 3614; x_wconf 84' lang='grc'>,</span> 
     </span>
     <span class='ocr_line' id='line_1_29' title="bbox 416 3675 1242 3744; baseline -0.005 -24"><span class='ocrx_word' id='word_1_233' title='bbox 416 3685 447 3744; x_wconf 82' lang='grc' dir='ltr'>α)</span> <span class='ocrx_word' id='word_1_234' title='bbox 475 3677 635 3728; x_wconf 75' lang='lat' dir='ltr'><strong>QUATENUS</strong></span> <span class='ocrx_word' id='word_1_235' title='bbox 654 3678 826 3732; x_wconf 70' lang='lat' dir='ltr'>vlmnseew</span> <span class='ocrx_word' id='word_1_236' title='bbox 844 3679 876 3720; x_wconf 85' lang='grc' dir='ltr'>ΙΝ</span> <span class='ocrx_word' id='word_1_237' title='bbox 895 3676 1056 3720; x_wconf 70' lang='lat' dir='ltr'>oaautoms</span> <span class='ocrx_word' id='word_1_238' title='bbox 1074 3675 1242 3720; x_wconf 68' lang='lat' dir='ltr'>monetent.</span> 
     </span>
    </p>
   </div>
   <div class='ocr_carea' id='block_1_8' title="bbox 544 3827 1111 3904">
    <p class='ocr_par' dir='ltr' id='par_1_10' title="bbox 544 3827 1111 3904">
     <span class='ocr_line' id='line_1_30' title="bbox 544 3827 1111 3904; baseline 0.004 -18"><span class='ocrx_word' id='word_1_239' title='bbox 544 3832 571 3900; x_wconf 77' lang='lat' dir='ltr'>s.</span> <span class='ocrx_word' id='word_1_240' title='bbox 588 3827 630 3888; x_wconf 76' lang='lat' dir='ltr'>tt.</span> <span class='ocrx_word' id='word_1_241' title='bbox 646 3829 717 3892; x_wconf 80' lang='lat' dir='ltr'>duur</span> <span class='ocrx_word' id='word_1_242' title='bbox 731 3829 782 3890; x_wconf 82' lang='lat' dir='ltr'>tae</span> <span class='ocrx_word' id='word_1_243' title='bbox 797 3834 826 3890; x_wconf 89' lang='lat' dir='ltr'>n</span> <span class='ocrx_word' id='word_1_244' title='bbox 841 3831 1021 3904; x_wconf 73' lang='lat' dir='ltr'>respecturos</span> <span class='ocrx_word' id='word_1_245' title='bbox 1037 3831 1111 3888; x_wconf 85' lang='lat' dir='ltr'>stutt</span> 
     </span>
    </p>
   </div>
   <div class='ocr_carea' id='block_1_9' title="bbox 228 3969 1534 4717">
    <p class='ocr_par' dir='ltr' id='par_1_11' title="bbox 228 3969 1534 4717">
     <span class='ocr_line' id='line_1_31' title="bbox 326 3969 1534 4066; baseline -0.003 -23"><span class='ocrx_word' id='word_1_246' title='bbox 326 3979 481 4043; x_wconf 86' lang='lat' dir='ltr'>Nationes</span> <span class='ocrx_word' id='word_1_247' title='bbox 497 3979 652 4044; x_wconf 89' lang='lat' dir='ltr'>hominnm</span> <span class='ocrx_word' id='word_1_248' title='bbox 668 3981 802 4066; x_wconf 89' lang='lat' dir='ltr'>passim,</span> <span class='ocrx_word' id='word_1_249' title='bbox 825 3982 906 4046; x_wconf 87' lang='lat' dir='ltr'>siout</span> <span class='ocrx_word' id='word_1_250' title='bbox 927 4000 980 4044; x_wconf 89' lang='lat' dir='ltr'>res</span> <span class='ocrx_word' id='word_1_251' title='bbox 1000 3981 1149 4044; x_wconf 86' lang='lat' dir='ltr'>humanae</span> <span class='ocrx_word' id='word_1_252' title='bbox 1169 3977 1368 4064; x_wconf 84' lang='lat' dir='ltr'>generatim,</span> <span class='ocrx_word' id='word_1_253' title='bbox 1395 3978 1425 4040; x_wconf 90' lang='lat' dir='ltr'>in</span> <span class='ocrx_word' id='word_1_254' title='bbox 1533 3969 1534 3980; x_wconf 68' lang='grc'>’</span> 
     </span>
     <span class='ocr_line' id='line_1_32' title="bbox 236 4086 1422 4172; baseline -0.003 -20"><span class='ocrx_word' id='word_1_255' title='bbox 236 4088 384 4152; x_wconf 90' lang='lat' dir='ltr'>continno</span> <span class='ocrx_word' id='word_1_256' title='bbox 401 4087 484 4150; x_wconf 85' lang='lat' dir='ltr'>fluxu</span> <span class='ocrx_word' id='word_1_257' title='bbox 507 4095 687 4172; x_wconf 87' lang='lat' dir='ltr'>versantur,</span> <span class='ocrx_word' id='word_1_258' title='bbox 713 4111 783 4152; x_wconf 90' lang='lat' dir='ltr'>oum</span> <span class='ocrx_word' id='word_1_259' title='bbox 798 4095 882 4164; x_wconf 88' lang='lat' dir='ltr'>teste</span> <span class='ocrx_word' id='word_1_260' title='bbox 905 4089 1040 4154; x_wconf 85' lang='lat' dir='ltr'>historia</span> <span class='ocrx_word' id='word_1_261' title='bbox 1056 4107 1182 4154; x_wconf 87' lang='lat' dir='ltr'>errores</span> <span class='ocrx_word' id='word_1_262' title='bbox 1198 4086 1252 4150; x_wconf 87' lang='lat' dir='ltr'>alii</span> <span class='ocrx_word' id='word_1_263' title='bbox 1269 4086 1422 4168; x_wconf 89' lang='lat' dir='ltr'>oriantur,</span> 
     </span>
     <span class='ocr_line' id='line_1_33' title="bbox 235 4196 1423 4279; baseline -0.003 -19"><span class='ocrx_word' id='word_1_264' title='bbox 235 4196 289 4260; x_wconf 90' lang='lat' dir='ltr'>alii</span> <span class='ocrx_word' id='word_1_265' title='bbox 306 4197 512 4279; x_wconf 89' lang='lat' dir='ltr'>deponantur,</span> <span class='ocrx_word' id='word_1_266' title='bbox 529 4197 678 4260; x_wconf 89' lang='lat' dir='ltr'>scientiae</span> <span class='ocrx_word' id='word_1_267' title='bbox 694 4203 726 4261; x_wconf 91' lang='lat' dir='ltr'>et</span> <span class='ocrx_word' id='word_1_268' title='bbox 742 4203 827 4262; x_wconf 87' lang='lat' dir='ltr'>artes</span> <span class='ocrx_word' id='word_1_269' title='bbox 844 4199 1035 4277; x_wconf 86' lang='lat' dir='ltr'>excolantur,</span> <span class='ocrx_word' id='word_1_270' title='bbox 1061 4201 1093 4260; x_wconf 91' lang='lat' dir='ltr'>et</span> <span class='ocrx_word' id='word_1_271' title='bbox 1108 4215 1221 4260; x_wconf 87' lang='lat' dir='ltr'>causae</span> <span class='ocrx_word' id='word_1_272' title='bbox 1235 4215 1343 4258; x_wconf 89' lang='lat' dir='ltr'>rerum</span> <span class='ocrx_word' id='word_1_273' title='bbox 1358 4213 1423 4258; x_wconf 88' lang='lat' dir='ltr'>me·</span> 
     </span>
     <span class='ocr_line' id='line_1_34' title="bbox 234 4299 1422 4390; baseline -0.004 -22"><span class='ocrx_word' id='word_1_274' title='bbox 234 4305 297 4368; x_wconf 91' lang='lat' dir='ltr'>lius</span> <span class='ocrx_word' id='word_1_275' title='bbox 313 4303 538 4390; x_wconf 80' lang='lat' dir='ltr'>intelligantur,</span> <span class='ocrx_word' id='word_1_276' title='bbox 562 4305 655 4388; x_wconf 86' lang='lat' dir='ltr'>idque</span> <span class='ocrx_word' id='word_1_277' title='bbox 670 4327 732 4370; x_wconf 95' lang='lat' dir='ltr'>non</span> <span class='ocrx_word' id='word_1_278' title='bbox 749 4307 858 4369; x_wconf 89' lang='lat' dir='ltr'>eodem</span> <span class='ocrx_word' id='word_1_279' title='bbox 876 4306 990 4390; x_wconf 86' lang='lat' dir='ltr'>ubique</span> <span class='ocrx_word' id='word_1_280' title='bbox 1014 4310 1156 4387; x_wconf 87' lang='lat' dir='ltr'>tempore</span> <span class='ocrx_word' id='word_1_281' title='bbox 1183 4309 1215 4368; x_wconf 90' lang='lat' dir='ltr'>et</span> <span class='ocrx_word' id='word_1_282' title='bbox 1236 4305 1330 4367; x_wconf 90' lang='lat' dir='ltr'>modo</span> <span class='ocrx_word' id='word_1_283' title='bbox 1357 4299 1422 4366; x_wconf 81' lang='lat' dir='ltr'>fiat.</span> 
     </span>
     <span class='ocr_line' id='line_1_35' title="bbox 234 4411 1421 4499; baseline -0.004 -22"><span class='ocrx_word' id='word_1_284' title='bbox 234 4414 302 4478; x_wconf 89' lang='lat' dir='ltr'>Nec</span> <span class='ocrx_word' id='word_1_285' title='bbox 319 4415 429 4477; x_wconf 85' lang='lat' dir='ltr'>desunt</span> <span class='ocrx_word' id='word_1_286' title='bbox 444 4417 546 4477; x_wconf 87' lang='lat' dir='ltr'>tamen</span> <span class='ocrx_word' id='word_1_287' title='bbox 559 4434 649 4496; x_wconf 90' lang='lat' dir='ltr'>quam</span> <span class='ocrx_word' id='word_1_288' title='bbox 666 4414 817 4499; x_wconf 83' lang='lat' dir='ltr'>plurimae</span> <span class='ocrx_word' id='word_1_289' title='bbox 839 4414 1001 4494; x_wconf 90' lang='lat' dir='ltr'>notiones,</span> <span class='ocrx_word' id='word_1_290' title='bbox 1026 4433 1105 4498; x_wconf 90' lang='lat' dir='ltr'>quae</span> <span class='ocrx_word' id='word_1_291' title='bbox 1129 4413 1210 4498; x_wconf 92' lang='lat' dir='ltr'>apud</span> <span class='ocrx_word' id='word_1_292' title='bbox 1232 4432 1340 4476; x_wconf 83' lang='lat' dir='ltr'>omnes</span> <span class='ocrx_word' id='word_1_293' title='bbox 1357 4411 1421 4474; x_wconf 84' lang='lat' dir='ltr'>iere</span> 
     </span>
     <span class='ocr_line' id='line_1_36' title="bbox 234 4520 1421 4605; baseline -0.003 -20"><span class='ocrx_word' id='word_1_294' title='bbox 234 4523 376 4586; x_wconf 89' lang='lat' dir='ltr'>homines</span> <span class='ocrx_word' id='word_1_295' title='bbox 392 4529 515 4588; x_wconf 91' lang='lat' dir='ltr'>manent</span> <span class='ocrx_word' id='word_1_296' title='bbox 537 4522 627 4605; x_wconf 90' lang='lat' dir='ltr'>qnasi</span> <span class='ocrx_word' id='word_1_297' title='bbox 642 4522 835 4605; x_wconf 76' lang='lat' dir='ltr'>immutatae,</span> <span class='ocrx_word' id='word_1_298' title='bbox 859 4529 913 4588; x_wconf 86' lang='lat' dir='ltr'>aut</span> <span class='ocrx_word' id='word_1_299' title='bbox 934 4523 1045 4588; x_wconf 89' lang='lat' dir='ltr'>saltem</span> <span class='ocrx_word' id='word_1_300' title='bbox 1067 4543 1128 4586; x_wconf 92' lang='lat' dir='ltr'>uon</span> <span class='ocrx_word' id='word_1_301' title='bbox 1153 4522 1230 4588; x_wconf 83' lang='lat' dir='ltr'>adeo</span> <span class='ocrx_word' id='word_1_302' title='bbox 1247 4520 1313 4585; x_wconf 88' lang='lat' dir='ltr'>cito</span> <span class='ocrx_word' id='word_1_303' title='bbox 1329 4525 1361 4585; x_wconf 90' lang='lat' dir='ltr'>et</span> <span class='ocrx_word' id='word_1_304' title='bbox 1375 4520 1421 4582; x_wconf 86' lang='lat' dir='ltr'>ia·</span> 
     </span>
     <span class='ocr_line' id='line_1_37' title="bbox 228 4630 1421 4717; baseline -0.002 -23"><span class='ocrx_word' id='word_1_305' title='bbox 228 4631 296 4714; x_wconf 37' lang='lat' dir='ltr'>,cilo</span> <span class='ocrx_word' id='word_1_306' title='bbox 311 4636 480 4698; x_wconf 84' lang='lat' dir='ltr'>mutantur.</span> <span class='ocrx_word' id='word_1_307' title='bbox 505 4633 582 4698; x_wconf 83' lang='lat' dir='ltr'>Cum</span> <span class='ocrx_word' id='word_1_308' title='bbox 595 4631 659 4715; x_wconf 86' lang='lat' dir='ltr'>jam</span> <span class='ocrx_word' id='word_1_309' title='bbox 675 4632 859 4717; x_wconf 85' lang='lat' dir='ltr'>interpretis</span> <span class='ocrx_word' id='word_1_310' title='bbox 876 4632 958 4698; x_wconf 87' lang='lat' dir='ltr'>sacri</span> <span class='ocrx_word' id='word_1_311' title='bbox 975 4631 1033 4711; x_wconf 89' lang='lat' dir='ltr'>sit,</span> <span class='ocrx_word' id='word_1_312' title='bbox 1051 4630 1192 4716; x_wconf 88' lang='lat' dir='ltr'>praecise</span> <span class='ocrx_word' id='word_1_313' title='bbox 1209 4649 1263 4696; x_wconf 87' lang='lat' dir='ltr'>eas</span> <span class='ocrx_word' id='word_1_314' title='bbox 1279 4630 1421 4696; x_wconf 88' lang='lat' dir='ltr'>notiones</span> 
     </span>
    </p>
   </div>
   <div class='ocr_carea' id='block_1_10' title="bbox 0 0 1550 5286">
    <p class='ocr_par' dir='ltr' id='par_1_12' title="bbox 0 0 1550 5286">
     <span class='ocr_line' id='line_1_38' title="bbox 0 0 1550 5286; baseline 0 0"><span class='ocrx_word' id='word_1_315' title='bbox 0 0 1550 5286; x_wconf 95' lang='lat' dir='ltr'> </span> 
     </span>
    </p>
   </div>
  </div>
 </body>
</html>
