3118 5282
267 429 343 504 372

337 611 409 656 tione
427 609 461 658 ad
479 608 542 654 edit.
564 609 595 656 ΙΙ.
618 605 695 654 1793.
721 607 773 656 arbi
798 607 922 666 quaedam
941 607 1106 654 retrectands
1137 611 1163 654 at
1182 610 1337 657 emendanda
1359 610 1424 656 tuisse

334 701 456 748 istcatm.
480 724 509 734 -
531 698 584 745 Nec
603 697 693 744 mirum
716 701 775 758 ast,
794 710 826 744 co
839 701 956 756 tompore
969 698 1096 757 ejusmodi
1108 697 1248 746 liberiores
1262 699 1424 747 catholicorum

335 789 563 848 interpretationes
582 788 732 848 prodiisse,
758 799 816 834 cum
841 791 984 848 generatim
1008 790 1084 836 ctiam
1110 791 1177 838 inter
1199 791 1274 850 ilios,
1293 791 1423 850 praesertim

336 880 395 928 inde
413 879 446 926 ab
465 879 548 927 altero
566 878 663 926 saeculi
682 877 769 924 xviii.
788 878 892 924 dimidio
912 879 1040 938 principia
1058 880 1251 928 bermeneutics
1270 880 1379 927 liberiora
1395 881 1425 924 in-

332 970 484 1017 sumerent.
522 969 578 1028 Quo
598 972 700 1026 spectat
719 969 839 1029 inprimis
858 969 1010 1030 principium
1039 970 1271 1018 nocentioribus
1295 971 1424 1016 Protestaa·
1519 959 1520 1026 l

333 1059 403 1106 tibus
424 1061 546 1106 statutum
567 1059 650 1116 (cont.
669 1059 736 1106 inira
755 1057 781 1118 s.
801 1059 863 1106 238.
882 1062 944 1104 uota
963 1058 1003 1120 2.)
1026 1060 1108 1106 itibiia
1126 1073 1177 1106 non
1196 1073 1291 1121 secus,
1309 1073 1337 1107 ac
1354 1072 1425 1120 quau·

331 1161 439 1209 cumque
457 1150 533 1196 aliam
552 1148 646 1196 librum
665 1150 791 1196 bumsnas
809 1147 921 1223 originis
942 1149 1140 1208 interpretanda
1160 1164 1229 1198 ease.
1268 1152 1330 1198 Vide
1347 1151 1361 1196 J
1368 1161 1422 1194 ona.

330 1239 436 1301 Jahn,
457 1239 623 1286 enchiridion
643 1241 808 1286 iisrmansut.
829 1254 855 1298 p.
876 1241 951 1286 bt-
964 1241 1022 1286 iod.
1060 1242 1127 1288 Dein
1142 1243 1241 1300 paritor
1260 1256 1275 1288 a
1293 1243 1424 1288 Protestan-

324 1330 392 1378 tibus
410 1331 519 1390 primum
538 1330 685 1390 adoptetum
704 1328 878 1389 sequebantur
898 1329 1054 1390 principium
1070 1331 1316 1378 accommodationis
1334 1331 1424 1387 dogne·

328 1420 395 1468 ticao
413 1421 445 1466 ad
464 1423 554 1468 tenues
574 1424 601 1467 st
621 1431 746 1466 arrcucas
759 1419 916 1466 ludaeorum
935 1413 1071 1480 opiniones
1093 1421 1174 1482 (euni.
1193 1421 1220 1482 ς.
1236 1423 1298 1468 12⁰.
1318 1424 1368 1467 nat.
1383 1417 1422 1476 1.),

328 1509 401 1570 cuins
425 1511 466 1558 rai
491 1511 632 1570 exemptum
661 1509 741 1556 babos
766 1510 792 1556 in
815 1509 933 1557 labnii
959 1511 1151 1570 arebaeoiogis
1175 1511 1273 1558 biblica
1298 1508 1425 1570 germanice

330 1599 399 1646 adita
416 1600 448 1647 ab
467 1611 535 1646 anno
557 1601 625 1646 1796
645 1612 704 1659 sqq.
730 1601 757 1646 st
780 1599 807 1646 in
826 1600 942 1660 ejusdem
962 1613 1043 1660 opere
1062 1603 1213 1660 postbumot
1244 1601 1384 1659 Naebtrtge
1400 1609 1424 1642 uu

328 1689 417 1736 reineri
436 1687 633 1748 theologiscbcn
653 1688 781 1748 Werireu,
811 1688 944 1749 'tubingen
977 1689 1056 1736 1621.
1086 1692 1185 1737 ratione
1212 1691 1424 1738 Daemoniaoornu

327 1779 359 1826 N.
379 1778 409 1826 ⁹1¹.
448 1779 564 1839 Denique
592 1779 642 1826 boc
670 1779 727 1826 ioco
752 1781 976 1826 commemorsnda
1000 1782 1042 1826 est
1061 1780 1144 1826 omnis
1164 1791 1257 1826 sensus
1277 1779 1374 1838 mystici
1390 1789 1424 1822 rc·

324 1867 457 1928 pudiatio,
479 1866 520 1913 cui
539 1867 616 1914 etiam
630 1867 824 1916 (tatboiicorum
838 1869 939 1928 quidam
953 1872 1152 1916 consenserunt.
1177 1869 1253 1917 coni.
1271 1871 1329 1916 itt.
1346 1870 1392 1914 not.
1406 1867 1425 1910 i.

283 1970 310 2041 7)
328 1976 450 2036 tiatorem
469 1988 555 2026 curam
574 1975 742 2036 interpretum
761 1977 948 2024 catholicorum
968 1977 1166 2024 recentissimae
1193 1978 1290 2025 aetatis
1318 1976 1426 2034 adleget

324 2079 427 2128 quoque
446 2067 669 2128 interpretationis
689 2079 711 2114 a.
726 2066 878 2125 Scripturas
894 2067 1041 2124 peculiares
1055 2067 1215 2123 attendendi,
1234 2079 1324 2114 eorum
1344 2068 1426 2124 scripta

324 2157 526 2212 hermenardus,
544 2156 680 2204 versiones
702 2159 729 2203 et
751 2154 934 2204 commentarii
958 2169 1006 2204 suo
1031 2158 1090 2204 ioco
1117 2158 1238 2206 recensiti
1259 2155 1425 2219 comprobant.

795 2371 824 2440 s.
840 2363 901 2424 aaa.

490 2495 525 2550 ll.
553 2495 872 2554 scardonicottuii
891 2497 1205 2554 lNTllltl’llE'l'A'l'lil.

343 2661 434 2725 nicet
457 2659 652 2744 antiquiores
668 2659 886 2726 Protestanter
912 2682 1003 2726 sacre
1025 2661 1142 2741 Biblia,
1167 2682 1185 2724 a
1207 2660 1426 2725 reformationis

251 2770 432 2838 auctoribus
452 2789 511 2851 pro
533 2769 624 2832 unica
647 2770 871 2834 credendorum
899 2775 931 2834 et
958 2772 1148 2856 agendorum
1175 2791 1286 2834 norma
1313 2774 1426 2846 statute,

249 2879 372 2946 maximi
390 2877 548 2958 facerent,
570 2875 663 2942 iidem
680 2879 718 2941 de
735 2878 838 2942 divino
854 2879 980 2942 illorum
996 2879 1117 2966 origine
1133 2884 1240 2943 sancte
1258 2878 1426 2942 custodien-

248 2997 315 3070 tes,
340 2988 412 3071 quie
435 2991 537 3049 tamen
562 2991 668 3069 spreta
688 2987 850 3052 Ecclesiae
875 2987 1049 3051 catholicae
1074 2987 1266 3051 auctoritate
1293 3006 1425 3052 summam

251 3100 379 3164 cuilibet
401 3097 433 3158 in
457 3095 521 3158 illis
544 3095 723 3158 scrutandis
746 3115 782 3158 ac
806 3096 995 3177 exponendis
1015 3096 1193 3159 libertatem
1211 3097 1426 3161 concedendam

250 3207 418 3294 putabant,
440 3199 512 3265 lieri
534 3223 596 3266 non
619 3201 738 3286 potuit,
762 3203 836 3284 quin
855 3225 923 3268 mox
939 3203 1109 3267 interillos
1124 3203 1344 3288 gravissimae,
1366 3221 1425 3266 eae-

248 3337 309 3400 que
325 3315 356 3378 in
370 3311 548 3396 praecipuis
572 3330 667 3375 novae
690 3311 851 3375 doctrinae
875 3313 1029 3396 capitibus
1050 3313 1286 3376 controversiae
1309 3331 1426 3378 enasce-

250 3429 361 3490 rentur
372 3419 414 3508 ¹).
439 3420 537 3496 Quam
553 3420 593 3483 ob
609 3439 674 3484 rem
684 3418 751 3502 jam
766 3421 824 3484 sub
839 3416 934 3485 linem
949 3419 1068 3484 saeculi
1083 3419 1162 3482 XVl.
1180 3420 1424 3494 Protestantinm,

251 3533 304 3615 qui
320 3530 544 3594 reformatores
559 3527 660 3592 secuti
678 3527 818 3608 fuerant,
843 3527 1019 3613 Theologi,
1043 3528 1156 3610 quibus
1179 3529 1379 3593 conformitas
1399 3529 1425 3588 et

251 3639 407 3705 stabilitas
430 3656 528 3700 novoe
551 3636 713 3700 doctrinae
737 3635 826 3699 cordi
848 3641 933 3716 erat,
957 3636 1166 3699 necessarium
1191 3657 1261 3701 esse
1282 3636 1424 3702 existima·

250 3753 342 3827 runt,
366 3750 400 3807 ut
416 3727 554 3808 remedia
568 3744 825 3828 providerentur,
844 3743 956 3826 quibus
974 3743 1103 3808 dissidia
1117 3745 1149 3807 in
1165 3745 1327 3830 religionis
1343 3764 1424 3827 nego·

249 3859 296 3922 tic
308 3855 374 3940 jem
391 3857 498 3916 exorta
514 3858 804 3936 compescerentur,
828 3859 861 3915 et
883 3851 1031 3936 deinceps
1054 3853 1231 3917 enascitnra
1249 3854 1424 3937 impediren-

247 3972 311 4032 tur.
341 3963 439 4040 Quem
455 3961 486 4022 in
501 3957 594 4023 finem
609 3962 824 4042 epnrbolt‘coe,
844 3964 880 4023 nt
894 3967 1024 4040 vocant,
1044 3963 1165 4044 libros,
1186 3964 1239 4044 qui
1254 3963 1422 4026 fundamen·

247 4075 324 4139 talie
338 4088 437 4134 norae
452 4067 613 4132 doetrinae
636 4068 756 4150 capita,
779 4073 815 4131 ut
831 4087 971 4150 quaeque
987 4071 1109 4153 privata
1124 4071 1318 4156 singulorum
1334 4069 1423 4134 refor-

248 4189 402 4246 matorum
424 4175 632 4260 intelligentia
647 4196 665 4240 e
680 4177 780 4241 saeris
802 4176 904 4240 literis
927 4177 1038 4242 bansta
1059 4178 1200 4258 fuerant,
1225 4178 1421 4252 continebant,
1519 4229 1520 4236 ,

246 4313 283 4358 ea
298 4287 486 4354 anctoritate
502 4283 684 4364 induerunt,
707 4287 743 4348 ut
764 4285 848 4348 basis
873 4290 994 4366 essent,
1018 4285 1069 4348 eui
1095 4286 1281 4371 religiosae,
1305 4287 1423 4366 inques

245 4396 423 4465 Anatholici
454 4391 606 4457 derelicta
635 4391 778 4456 llcclesia
809 4393 964 4457 catholica
996 4395 1231 4476 discesserant,
1263 4395 1420 4458 societates

243 4507 365 4574 innixae
382 4501 536 4566 communi
551 4496 626 4564 fidei
642 4500 838 4565 confessione
854 4501 938 4570 inter
953 4523 987 4566 se
1004 4504 1219 4568 cohaererent.
1256 4503 1337 4580 Quia
1358 4517 1420 4562 rere

246 4611 415 4679 conformis
432 4614 463 4672 et
480 4607 602 4672 stabilis
624 4605 699 4672 {idei
723 4610 897 4691 confessio,
921 4631 938 4674 e
962 4631 987 4674 s.
1012 4610 1178 4694 Scriptura
1202 4631 1262 4694 qua
1285 4607 1420 4674 unieret
