3120 5294
1233 432 1305 511 131

115 613 286 680 deflexisse
304 614 500 697 observatur,
524 611 619 696 hujus
635 612 684 688 rei
701 613 784 678 ratio
801 617 834 676 et
850 610 1017 696 explicatio
1042 609 1074 672 iu
1090 608 1211 694 legibus
1234 628 1312 694 psy-

117 723 295 809 chologicis
319 722 564 805 deprehenditur
576 719 621 810 ⁸).

209 833 242 896 [ι.
265 829 406 916 Denique
430 831 540 894 eodem
563 835 657 912 pacto
674 829 874 894 illustrantur
889 827 1050 914 imagines,
1075 847 1205 912 quarum
1233 845 1310 889 usus

119 961 247 1023 semper
271 959 378 1003 evera
393 943 448 1002 ani
464 938 590 1022 opinata
606 939 808 1002 similitudine
824 933 945 1022 petitur
959 935 1003 1023 ⁸).

212 1046 333 1126 Quodsi
347 1068 423 1112 vcro
445 1069 542 1112 nexus
568 1046 817 1132 psychologicus
844 1043 1031 1128 praeprimis
1050 1043 1083 1106 in
1099 1042 1313 1108 similitudinis

119 1154 246 1220 ratione
260 1157 415 1234 versatur,
432 1155 600 1228 observare
612 1154 711 1237 juvat,
741 1173 808 1218 eam
824 1152 1001 1217 hominibus
1022 1152 1124 1217 minus
1154 1151 1249 1215 cultis
1276 1171 1314 1214 ac

120 1263 346 1342 vivacioribus,
374 1263 482 1348 quales
499 1267 572 1326 sunt
588 1263 778 1342 Orientalcs,
802 1281 873 1325 esse
891 1261 1015 1325 dicendi
1042 1269 1135 1344 atque
1159 1258 1318 1322 scribendi

122 1373 291 1451 rationem,
315 1375 352 1434 nt
371 1371 450 1455 ipsis
467 1372 623 1436 dictorum
640 1372 740 1438 series
756 1372 939 1456 frequenter
955 1393 992 1434 cx
1007 1392 1094 1435 mera
1111 1368 1315 1434 similitudine

121 1479 311 1544 accidentali
327 1481 429 1544 soleat
445 1481 601 1561 obvenire,
619 1483 704 1565 qnod
719 1481 821 1564 ipsum
845 1481 876 1544 in
893 1499 920 1544 s.
937 1480 1114 1562 Scriptura,
1141 1477 1314 1561 etquidem

117 1609 343 1672 nonnunquam
368 1588 462 1652 etiam
477 1589 510 1652 in
526 1589 710 1654 auctoribus
734 1594 893 1654 caeterum
910 1589 1098 1652 cultioribus
1115 1585 1266 1662 occurrit,
1284 1591 1316 1647 et

122 1697 198 1761 inde
213 1697 315 1761 lucem
330 1699 524 1763 nanciscitur
536 1697 579 1786 ⁵).

153 1857 180 1924 ¹)
201 1863 239 1910 Ex
257 1863 307 1912 hoc
325 1865 409 1924 capite
428 1865 610 1924 interpretatio
628 1863 750 1912 vocabuli
767 1858 875 1928 θέλημα
892 1864 917 1910 ln
938 1865 1055 1910 oratione
1081 1864 1210 1910 dominica
1228 1863 1317 1911 dietih.

199 1953 243 2016 Vl,
264 1956 306 2001 ro.
326 1955 357 2003 de
374 1968 407 2002 es
424 1956 570 2014 uoluntate,
590 1966 641 2014 qua
655 1954 726 2000 Deus
745 1954 875 2011 declaret,
895 1953 955 2014 quid
974 1967 989 2000 a
1007 1955 1082 2002 nobis
1100 1954 1156 2002 tisri
1174 1954 1253 2014 velit,
1274 1966 1319 2000 sa·

197 2043 235 2091 tis
254 2042 421 2092 confirmatur
440 2043 637 2102 observatione,
666 2043 735 2102 qnod
752 2043 824 2088 notio
849 2043 992 2090 voluntatis
1012 2044 1074 2100 Del,
1093 2043 1238 2092 actionibus
1257 2057 1321 2090 exe·

202 2135 337 2196 quentiae,
356 2148 408 2184 non
427 2135 529 2190 minna,
555 2146 629 2194 quam
648 2133 769 2180 notiones
788 2135 819 2180 de
837 2134 915 2180 Patre
933 2135 1043 2180 coelesti
1059 2135 1210 2194 honorando
1228 2147 1324 2193 regno-

202 2237 254 2284 que
272 2225 359 2272 divino
378 2226 554 2286 promovendo
573 2225 605 2272 sd
623 2225 760 2286 primarias
779 2228 857 2286 atque
876 2224 1021 2284 solemnes,
1046 2237 1111 2284 quae
1130 2224 1158 2270 ln
1177 2225 1323 2272 institutio·

202 2315 280 2362 nibus
300 2315 363 2366 Jesu
381 2320 454 2364 arcte
473 2317 628 2370 cohaerent,
647 2317 766 2362 nodooes
785 2315 930 2380 pertineat,
951 2318 978 2362 et
996 2315 1073 2374 proin
1088 2328 1104 2362 s
1122 2315 1247 2375 precandi
1266 2316 1323 2360 tor·

204 2405 289 2460 mula.
309 2419 360 2465 qna
378 2406 428 2454 hae
449 2408 645 2466 proponuntur,
666 2407 712 2454 ills
728 2407 822 2454 abesse
841 2420 894 2453 non
911 2406 1006 2465 possit.
1026 2405 1085 2452 Pari
1104 2406 1195 2460 modo,
1224 2407 1247 2452 si
1266 2405 1324 2465 qui·

202 2493 310 2544 busdam
329 2494 407 2542 rerba
425 2495 505 2544 Math.
523 2496 610 2557 xxvt,
632 2495 675 2544 ti.
692 2490 832 2544 uaricem
849 2494 879 2543 τὸ
895 2491 987 2544 iocaris
1007 2494 1095 2559 (Vulg.
1109 2497 1231 2544 Dormitc
1241 2493 1322 2556 jam)

203 2585 312 2631 ironiam
331 2577 472 2643 continent,
492 2582 584 2632 nostri
607 2583 736 2632 contemta
749 2585 871 2632 Dominus
891 2587 947 2633 sine
965 2587 1057 2645 ironis,
1078 2599 1144 2645 quiae
1163 2585 1194 2631 als
1214 2585 1330 2630 instante

205 2675 319 2734 patiendi
336 2679 453 2734 tempore
472 2679 499 2721 et
517 2687 532 2720 a
551 2675 620 2722 tristi
639 2675 719 2722 animi
737 2676 908 2734 dispositione
921 2676 1008 2724 aliens
1020 2679 1086 2736 erat,
1106 2676 1175 2722 serio
1189 2675 1326 2734 discipulis

207 2765 321 2814 dicabat:
339 2765 408 2821 Alio,
427 2779 506 2828 pacm
524 2779 604 2826 asae,
625 2769 746 2829 tempore
764 2766 917 2814 dormiatis.

160 2849 187 2916 ²)
206 2855 342 2915 itiusmodi
360 2859 402 2902 est
419 2857 492 2903 locus
512 2857 588 2904 Joan.
608 2857 661 2917 Vll,
682 2859 727 2904 37.
748 2859 790 2904 38.
815 2854 859 2904 Ἐν
878 2851 906 2904 dt
920 2857 952 2922 τῇ
965 2851 1067 2924 ἐσχάτῃ
1081 2852 1167 2924 ἡμέρᾳ
1185 2855 1217 2920 τῇ
1231 2850 1333 2922 μεγάλῃ

208 2945 257 3002 τῆς
275 2937 367 3012 ἑορτῆς
386 2939 530 3003 ἑιοτήκειὸ
555 2941 661 3002 Ἰηοές,
682 2944 725 2995 καὶ
744 2939 836 3014 ispania
855 2942 948 3011 λέγων,
974 2943 1037 2994 Ἐάν
1058 2961 1098 3002 τις
1113 2940 1187 3011 διψᾷ,
1206 2939 1333 3013 ἐρχέσθω

208 3031 273 3103 πρός
293 3047 323 3098 με
341 3031 386 3082 καὶ
404 3031 508 3084 πινέτω.
540 3028 569 3083 Ὁ
589 3032 719 3084 πιστεύων
738 3030 775 3092 εἰς
797 3031 862 3100 ἐμὲ.
887 3035 980 3094 καθὼς
996 3032 1066 3084 iiras
1085 3032 1102 3094 ἡ
1123 3033 1229 3104 γραφὴ,
1250 3049 1332 3082 ποτα-

209 3123 255 3190 μοὶ
273 3119 301 3172 ἐκ
320 3125 367 3182 τῆς
385 3121 488 3182 κοιλίας
505 3121 572 3177 &vri
592 3121 717 3194 ῥεύοοοιο
737 3121 834 3184 ὕδατος
854 3125 962 3185 ζῶντος.
991 3130 1111 3184 constat,
1131 3129 1245 3174 altimum
1267 3127 1333 3173 diem

209 3215 272 3264 sesti
290 3215 514 3264 tabernaculorum
536 3229 598 3275 prae
618 3219 728 3264 caeteris
748 3218 887 3264 solemnem
905 3219 987 3266 tuisse
1006 3217 1038 3264 oli
1057 3219 1134 3278 ritus,
1154 3217 1196 3276 qui
1208 3229 1239 3262 co
1256 3229 1339 3274 pern·¹

209 3304 350 3364 rebantur,
370 3307 524 3364 praesertim
544 3307 576 3352 ο1ι
595 3319 676 3368 aquae
693 3321 724 3354 ex
742 3309 815 3354 tonte
836 3307 931 3354 Siloam
950 3321 966 3354 ι
984 3308 1121 3355 sacerdote
1139 3308 1247 3354 haustae
1267 3306 1332 3354 eliu-

208 3394 325 3450 sionem,
354 3395 531 3454 clangentibus
555 3397 624 3444 tubis
652 3402 678 3446 et
704 3397 833 3446 buccinis.
873 3400 943 3457 Quae
969 3399 1027 3457 ipsa
1052 3398 1197 3445 ceremonia
1215 3397 1334 3452 Domino,

212 3483 258 3543 qui
277 3483 394 3543 ejusdem
413 3489 546 3544 spectator
558 3488 684 3544 adfuerat,
693 3488 759 3533 haud
772 3487 849 3535 dubie
863 3490 1024 3536 occasionem
1032 3488 1110 3546 dedit,
1125 3489 1156 3534 de
1168 3486 1337 3534 saluberrima

210 3573 255 3619 illa
274 3585 305 3619 ac
323 3564 467 3621 laetissima
477 3574 589 3634 Spiritus
609 3579 692 3624 sancti
708 3577 846 3639 effusione,
856 3592 930 3638 qnam
940 3581 995 3626 suis
1007 3578 1178 3626 sectatoribus
1188 3581 1244 3624 erat
1254 3578 1335 3636 largi·

211 3668 296 3720 turns,
309 3663 390 3711 renisa
400 3665 521 3712 faciendi.
542 3669 621 3726 Quam
633 3669 733 3729 quidem
744 3671 878 3728 utriusque
891 3669 1024 3717 effusionis
1037 3670 1244 3729 conjunctionem
1258 3669 1333 3716 etiam

213 3767 245 3802 eo
259 3755 452 3814 comprobatam
472 3758 661 3814 existimemus,
681 3760 752 3818 qnod
763 3760 905 3819 tesceiam
919 3762 971 3808 alio
984 3767 1102 3820 tempore
1116 3761 1234 3820 loquendi
1250 3761 1332 3806 ratio·

214 3857 273 3891 nem
291 3846 477 3906 prophetarum
495 3851 603 3896 secutus
623 3849 800 3898 institutiones
820 3855 846 3897 et
864 3852 930 3898 dona
947 3851 1059 3900 Messias
1079 3865 1136 3898 cnm
1154 3853 1227 3898 tonte
1253 3861 1335 3908 equae

212 3935 286 3981 vivae
306 3937 501 3994 comparaverit.
523 3937 598 3984 (loni.
614 3939 670 3986 des.
689 3941 748 4001 xit,
770 3941 795 3988 3.
808 3941 891 3998 XMV,
910 3943 936 3988 3.
947 3943 998 4002 ΙΝ,
1015 3945 1037 3989 1.
1052 3943 1146 3988 Enoch.
1159 3942 1273 3997 XXXVI,
1289 3941 1333 3986 25.

214 4023 274 4071 icet
293 4025 338 4080 ill,
361 4026 403 4072 18.
424 4025 499 4074 dosii.
520 4027 561 4084 iv,
593 4029 636 4076 14.
668 4031 804 4077 caeterum
830 4044 879 4078 nec
905 4033 973 4078 inter
998 4033 1168 4080 Talmudistas
1187 4034 1335 4090 defuerunt,

213 4115 260 4176 qul
278 4129 359 4175 aquae
378 4115 499 4165 eilnsione
526 4119 684 4178 significatas
706 4135 767 4169 esse
796 4123 871 4168 dotes
891 4123 1003 4180 Spiritus
1031 4137 1054 4171 s.
1082 4129 1197 4183 tempore
1221 4123 1334 4170 illessiao

216 4206 366 4254 tribuendas
385 4209 579 4268 praeciperent.
610 4211 672 4258 Vide
691 4212 868 4271 hightioot
893 4218 920 4260 ct
937 4217 1095 4268 wetsten.
1114 4217 1145 4262 ad
1164 4215 1181 4264 l.
1201 4227 1225 4260 c.
1253 4217 1336 4262 titiam

223 4297 389 4356 Euangeiista
407 4299 464 4359 ipse
482 4301 569 4348 verinis
582 4300 678 4348 christi
697 4303 802 4350 eandem
821 4303 1060 4362 interpretationem
1077 4305 1171 4366 adjecit
1186 4305 1239 4364 Vll,
1260 4306 1302 4351 tte.

170 4381 198 4447 ³)
220 4387 259 4432 lta
277 4399 292 4432 a
310 4400 376 4434 nexu
396 4383 482 4448 logico
501 4374 534 4436 ad
552 4392 760 4450 psychologicnm
780 4391 891 4439 deflectit
915 4395 1057 4454 Apostolus
1085 4396 1105 4442 1.
1125 4396 1184 4444 Cor.
1203 4396 1273 4457 Vll„
1294 4400 1340 4448 nbi

218 4477 251 4522 de
272 4477 434 4526 matrimonio
448 4486 474 4528 et
487 4481 635 4541 virginitate
654 4482 779 4542 disputat.
801 4483 864 4528 cnm
883 4483 949 4530 enim
966 4485 1051 4532 r.12.
1071 4499 1128 4547 sqq.
1147 4489 1332 4547 praecepisset

219 4580 285 4628 quoe
305 4571 396 4626 agendi
415 4571 481 4618 ratio
510 4571 614 4632 conjugi
634 4573 724 4628 alteri,
751 4575 971 4631 transgressori
995 4574 1145 4632 religionem
1164 4576 1345 4641 christianam,

221 4671 276 4705 cnm
296 4658 377 4707 altero
398 4664 511 4712 nendum
532 4663 675 4711 christiano
702 4663 737 4712 sit
763 4664 892 4723 tenenda,
920 4679 944 4711 v.
967 4664 1082 4712 17-21,
1094 4663 1241 4714 'relationes
1261 4670 1345 4717 homi·

1078 4770 1130 4819 90
