3120 5294
245 469 320 542 ¹00

240 647 307 728 ipsa
330 644 379 706 uix
407 647 493 705 recte
522 642 691 724 accipitur,
728 664 797 706 eum
825 645 932 726 potius
956 645 1093 708 ludaeos
1125 647 1280 710 sermonis
1316 649 1424 732 graeci

235 770 368 840 gnaros,
393 758 479 814 extra
496 751 701 814 Palaestinam
718 754 867 838 degentes
888 754 1042 840 designet.
1066 755 1175 839 Neque
1191 755 1425 821 denominatio:

237 862 473 928 Alexandrina
493 860 634 942 perfecte
656 863 797 944 quadrat,
829 861 901 944 qnia
925 882 1118 948 nequaquam
1136 863 1339 929 Alexandrini
1364 864 1427 926 soli
1542 941 1543 944 Ἴ

236 971 351 1032 idioma
369 968 429 1031 boc
453 967 513 1030 sibi
535 967 739 1032 vindicarunt.
764 970 844 1032 llinc
866 969 920 1032 alii
936 970 1071 1056 linguam
1094 990 1239 1056 graecam
1261 991 1286 1033 s.
1310 971 1426 1056 Serip-

236 1087 327 1142 turac
351 1076 596 1154 Hellenismum,
624 1077 664 1139 ad
698 1078 833 1142 indolem
857 1077 981 1162 linguae
1004 1078 1169 1142 hebraicae
1194 1086 1226 1142 et
1249 1079 1426 1143 scamaicae

237 1186 478 1262 conformatum,
513 1183 563 1246 vcl
591 1183 726 1268 lingnam
758 1185 1056 1270 hebraeo-graecam
1090 1186 1264 1270 appellant3
1304 1187 1426 1250 rectius

235 1297 350 1374 linqua
364 1314 488 1374 praeca
506 1294 626 1358 biblica
639 1293 764 1372 dicitur,
776 1314 846 1356 enm
863 1299 950 1356 entra
966 1312 992 1356 s.
1004 1291 1201 1376 scripturam
1219 1299 1250 1357 ct
1267 1292 1335 1378 eJ'us
1351 1315 1426 1358 ver·

235 1402 341 1464 siones
356 1421 486 1484 graecas
510 1421 618 1483 parum
641 1401 684 1466 sit
699 1401 815 1464 usitata
829 1397 882 1488 *).
1149 1379 1151 1384 ,

259 1530 288 1596 ⁸)
308 1533 384 1578 (toul.
412 1531 533 1586 Morus,
560 1533 669 1578 Acroce.
695 1532 850 1578 bermensut.
874 1531 931 1586 Vol.
952 1532 973 1578 l.
993 1545 1020 1594 p.
1037 1533 1214 1580 aaa-2³4.
1244 1533 1286 1580 De
1304 1533 1424 1590 Wctts,

306 1624 409 1668 Eiolelt.
428 1623 454 1669 tn
471 1623 519 1667 das
534 1623 562 1666 N.
575 1622 606 1668 Τ.
622 1622 697 1668 1830.
713 1634 739 1680 p.
755 1622 769 1667 t
788 1634 842 1681 seq.
860 1621 992 1677 Schott,
1007 1623 1116 1682 lrsgogs
1130 1623 1157 1668 tn
1172 1623 1203 1668 bl.
1215 1623 1244 1669 u.
1259 1637 1284 1682 p.
1295 1623 1350 1669 5⁰8
1367 1635 1424 1682 seq.

553 1803 582 1848 B.
600 1801 648 1849 M
665 1799 841 1849 wltrlltlls
858 1800 903 1847 ,40
921 1799 1098 1850 slmmlts

486 1923 621 1966 Ltrttittntl
635 1923 778 1966 GRAEGAbl
792 1921 933 1966 mulcant
948 1921 1165 1966 COGNOSGENDL

363 2055 390 2121 s.
409 2049 451 2108 tlt.
468 2050 539 2108 bulo
554 2051 672 2122 cogunt
689 2049 799 2121 meuse
814 2063 930 2123 mamae
945 2049 1060 2108 tuneo
1075 2051 1114 2108 stt
1128 2049 1293 2108 lamentat

317 2180 467 2262 Exposita
491 2179 537 2242 sic
561 2179 664 2242 indole
687 2180 811 2266 linguae
835 2199 859 2245 a.
882 2178 1067 2262 Scripturas
1088 2197 1222 2265 graecae
1240 2177 1305 2260 jam
1322 2197 1420 2262 agen·

227 2291 298 2352 dum
324 2295 373 2352 est
399 2290 438 2352 de
461 2288 600 2352 lontibus
624 2308 660 2353 ae
684 2287 853 2367 subsidiis,
886 2287 999 2371 quibus
1024 2285 1092 2368 ejus
1121 2285 1259 2370 cognitio
1288 2305 1418 2368 compa-

224 2399 288 2462 rari
311 2399 414 2460 debet.
450 2398 543 2474 Quod
564 2397 700 2460 studium
716 2395 808 2479 longe
824 2395 1010 2477 prosperius
1026 2393 1116 2458 nobis
1131 2395 1299 2476 procedet,
1324 2413 1418 2477 quam

224 2506 392 2568 hebraicae
415 2504 541 2588 linguae
562 2503 781 2588 investigatio,
805 2523 875 2566 cum
898 2502 1020 2566 directo
1042 2520 1118 2564 usus
1142 2501 1266 2586 linguae
1281 2521 1417 2586 graecae

227 2615 362 2677 biblicae
384 2613 563 2677 testimonia
585 2631 622 2674 cx
646 2631 682 2673 ca
705 2617 826 2693 aetatc,
861 2631 922 2696 qua
944 2611 1084 2693 vivebat,
1109 2615 1158 2672 sat
1175 2609 1305 2692 copiosa
1320 2630 1415 2691 prac-

225 2727 275 2786 sto
300 2723 372 2786 sint.

315 2831 433 2892 Fontes
456 2835 578 2908 autem,
603 2849 639 2892 ex
663 2828 774 2914 quibus
798 2828 881 2892 dicta
903 2827 1084 2893 testimonia
1099 2827 1225 2890 haurire
1256 2830 1418 2908 oporteat,

224 2939 340 3004 diuersi
363 2937 489 3022 generis
513 2957 600 3016 esse,
631 2938 723 3002 iacile
755 2937 957 3022 intelligitur,
988 2958 1057 3000 cum
1087 2936 1192 3000 variae
1209 2933 1272 3000 sint
1295 2937 1414 3016 partes,

227 3069 262 3108 ex
287 3047 398 3129 quibus
422 3045 527 3130 lingua
550 3049 627 3108 baec
651 3047 740 3128 quasi
765 3045 892 3110 coaluit.
915 3048 1077 3124 Quatenus
1100 3043 1224 3128 quidem
1240 3044 1280 3106 de
1304 3042 1415 3127 cogni·
1542 3083 1543 3120 ,

224 3156 310 3217 tione
335 3153 480 3216 elementi
503 3154 611 3238 graeci
634 3154 748 3239 agitur,
780 3158 891 3238 fontes
911 3156 1049 3236 praeci,
1081 3157 1233 3236 qnatenus
1263 3171 1340 3213 vero
1373 3152 1412 3212 de

226 3264 445 3346 cognoscendo
463 3263 616 3326 elemento
635 3263 781 3326 orientali
798 3284 900 3326 sermo
920 3267 984 3340 est,
998 3263 1109 3345 sontes
1127 3263 1305 3324 orientales
1322 3264 1413 3320 erunt

225 3372 417 3433 consulendi.
452 3373 553 3434 Porro
590 3371 662 3454 quia
696 3391 784 3434 usum
810 3391 1002 3434 communem
1027 3377 1058 3434 et
1082 3369 1272 3454 peculiarem
1300 3367 1414 3430 distin-

222 3482 375 3563 guendum
399 3479 542 3558 diximus,
567 3480 659 3541 etiam
675 3477 768 3560 hujus
791 3477 979 3542 discriminis
1004 3477 1036 3540 in
1057 3477 1196 3540 fontibus
1212 3475 1412 3561 designandis

222 3589 303 3649 ratio
340 3587 480 3650 habenda
513 3585 584 3648 erit.
623 3589 728 3663 Quare
764 3607 836 3648 oum
871 3586 1073 3650 Graecismus
1102 3591 1134 3650 et
1169 3584 1411 3651 Orientalismus

222 3716 312 3758 usum
335 3695 537 3772 constituant,
566 3693 620 3777 qui
643 3693 675 3756 in
699 3694 842 3758 omnibus
862 3695 987 3779 graecis
1010 3715 1037 3758 s.
1061 3693 1248 3777 Scripturas
1270 3691 1412 3756 auctori·

220 3805 280 3864 bus
302 3804 394 3866 modo
416 3803 477 3865 hoo
501 3804 593 3866 modo
617 3802 671 3865 illo
696 3803 952 3885 praedominante
976 3803 1086 3868 obvius
1119 3807 1184 3882 est,
1208 3801 1309 3884 primo
1333 3800 1408 3864 loco

220 3911 365 3992 ponimns
391 3911 514 3989 fontes,
551 3910 604 3992 qui
639 3913 678 3974 ad
707 3929 797 3974 usum
822 3912 903 3976 huuc
927 3933 1127 3976 communem
1159 3909 1410 3996 cognoscendum

219 4017 410 4097 inserviunt,
433 4018 505 4083 dein
527 4017 751 4104 subjungemus
773 4020 894 4110 tontes,
920 4043 958 4084 ex
981 4021 1112 4106 quibus,
1148 4019 1233 4103 qood
1256 4018 1296 4083 ad
1320 4035 1409 4080 usum

219 4148 277 4208 pro
302 4127 426 4190 diverso
461 4131 626 4190 auctorum
661 4128 785 4213 iugenio
822 4133 1025 4211 peculiarem
1060 4129 1229 4193 eruendum
1259 4125 1408 4209 pertinet,

221 4237 388 4318 petendum
412 4238 479 4314 est,
502 4236 651 4321 denique,
681 4237 826 4321 quoniam
849 4237 955 4300 fontes
979 4240 1119 4314 exstant,
1148 4255 1185 4298 ex
1209 4233 1321 4318 quibus
1343 4242 1410 4296 tum

218 4347 317 4430 bojon
331 4352 398 4407 tum
420 4345 511 4408 illios
526 4365 615 4409 osus
639 4345 777 4430 cognitio
802 4344 974 4422 hauriatur,
1000 4365 1054 4408 eos
1078 4349 1239 4425 postremo
1264 4340 1406 4425 assigna·

218 4454 320 4517 bimus
336 4451 388 4539 ⁸³).

245 4584 272 4646 ’)
290 4579 480 4645 Expressioncs
500 4587 683 4644 aegyptiacae,
703 4585 825 4643 porrtcso
843 4589 869 4630 at
887 4585 985 4631 latinas
1001 4585 1026 4630 ln
1043 4583 1143 4630 nocuis
1162 4579 1309 4628 auctoribus
1326 4580 1406 4628 obre

288 4679 388 4726 nicutcs
399 4677 493 4736 purtim
513 4677 538 4724 in
547 4675 699 4724 Graecisms
710 4674 918 4733 recentiorijure
937 4675 1049 4722 civitatis
1061 4676 1181 4731 donatas,
1197 4686 1228 4720 ex
1237 4671 1316 4732 huius
1328 4671 1406 4718 lonti-
