3118 5282
232 405 310 485 tet

302 587 372 632 darii
392 585 423 632 ll.
443 585 473 634 Ν.
493 583 635 632 lilsuaen
655 595 748 643 operes
769 583 953 632 llsrmsueuiilr
967 586 1014 634 des
1035 585 1066 632 N.
1087 586 1117 634 Τ.
1135 600 1182 634 sus
1195 589 1255 638 dem
1272 587 1414 636 Diniaelnen

304 677 438 723 ubersetat
454 687 504 721 von
524 674 552 722 0.
572 673 603 721 θ.
624 671 1011 722 Schmidt-Pbiseideciu.
1032 677 1120 735 iscipu.
1147 679 1226 724 isli.

260 759 285 826 ⁸)
306 766 400 814 Confer
416 766 440 826 ς.
465 766 524 813 158.
544 770 604 812 uota
623 765 648 826 ς.
673 767 731 814 ior.
751 771 777 812 at
795 767 820 826 ς.
845 768 905 812 tro.
926 771 987 814 nota
1006 767 1033 812 2.

449 923 478 992 ς.
492 918 550 977 til.
566 917 713 992 Ριιιιῑιιι
727 918 941 978 imlbadmrun
957 931 1042 994 opera
1057 921 1208 994 exosobos

325 1049 404 1116 Cum
430 1054 577 1114 auctores
604 1049 650 1113 sic
678 1051 782 1114 dictae
814 1050 1048 1116 reformationis
1076 1071 1167 1114 sacra
1191 1049 1296 1114 Biblia
1324 1050 1419 1114 solum

233 1159 436 1224 revelationis
462 1157 581 1221 iontem
607 1178 678 1223 esse
700 1157 839 1239 vellent,
863 1161 1104 1242 suspectandum
1131 1164 1218 1239 erat,
1247 1160 1349 1240 quod,
1373 1159 1421 1240 qui

234 1265 308 1330 illos
331 1265 551 1348 sequebantur,
575 1266 720 1352 theologi
737 1265 973 1348 scripturarum
990 1267 1095 1330 studio
1112 1267 1305 1352 singularem
1322 1287 1421 1329 curam

234 1373 459 1458 impenderent,
484 1377 517 1437 et
539 1373 708 1456 praecipue
723 1373 755 1438 in
778 1375 818 1438 iis
844 1373 1090 1458 interpretandis
1117 1375 1219 1439 seduli
1247 1379 1363 1438 essent.
1386 1375 1422 1436 lit

235 1499 346 1546 revera
359 1481 470 1567 ingens
487 1480 570 1546 inter
587 1501 642 1546 eos
657 1483 776 1564 prodiit
793 1501 922 1565 operum
945 1482 1177 1569 exegeticorum
1194 1482 1297 1565 copia,
1314 1481 1424 1564 quibus

236 1593 290 1654 snt
305 1589 459 1676 integram
476 1609 502 1653 s.
520 1589 728 1673 Scriptorum,
744 1595 799 1655 aut
815 1589 953 1674 ejusdem
963 1596 1071 1676 partes
1082 1590 1219 1674 majores
1229 1591 1280 1653 vel
1290 1591 1425 1654 minores

233 1697 443 1762 illustrabant.
460 1699 552 1763 lieet
567 1719 643 1762 vero
657 1699 799 1784 plurimis
809 1699 1054 1764 Protcstantinm
1066 1699 1292 1782 interpretibus
1304 1698 1426 1762 ratione
1540 1763 1541 1774 ,

235 1807 420 1872 eruditionis
438 1811 470 1872 et
485 1811 661 1888 accuratae,
690 1829 781 1891 quam
808 1809 841 1872 in
868 1807 1041 1873 Bibliorum
1067 1807 1332 1892 interpretatione
1358 1805 1427 1870 usui

234 1917 384 2000 loquendi
415 1937 452 1981 ac
483 1915 636 1981 historiae
666 1917 896 2001 applicuerunt,
929 1917 1181 2003 investigationis
1216 1917 1330 1980 merito
1361 1915 1428 1980 laus
1540 1899 1541 1910 ἵ

234 2026 401 2090 tribuenda
424 2025 477 2106 sit,
500 2027 604 2112 magui
625 2031 730 2090 tamen
754 2027 913 2108 momenti,
937 2023 966 2090 si
989 2047 1087 2109 opera
1117 2025 1325 2108 respicimus,
1351 2045 1428 2109 quae

236 2135 409 2214 ediderunt,
433 2135 516 2200 inter
538 2140 685 2200 auctores
709 2135 896 2200 observatur
923 2135 1102 2199 discrimen.
1142 2134 1217 2216 iiii,
1240 2133 1428 2216 praesertim

236 2243 440 2327 antiquiores,
465 2249 496 2308 et
519 2246 573 2328 qui
595 2243 814 2310 recentissime
849 2245 888 2308 ad
923 2243 1049 2308 illorum
1084 2241 1218 2329 vestigia
1251 2241 1426 2318 redierunt,

236 2351 343 2436 agnita
366 2353 469 2417 divina
493 2353 678 2436 Scripturas
701 2353 816 2438 indole,
851 2353 987 2419 debitam
1022 2353 1162 2438 ejusdcm
1196 2353 1428 2416 venerationem

238 2477 314 2543 prae
337 2479 371 2523 se
393 2459 542 2541 ferentes,
565 2465 665 2542 recta,
689 2461 717 2524 si
731 2461 944 2547 Magisterium
960 2461 1120 2525 lloclesiae
1138 2459 1322 2537 catholicae,
1348 2459 1428 2544 quod

243 2587 351 2632 omnes
374 2567 555 2651 repudiant,
580 2569 733 2654 excipias,
757 2569 911 2656 principia
935 2574 1124 2656 sequuntur,
1153 2591 1211 2633 nec
1235 2590 1298 2632 uon
1324 2567 1429 2632 analo·

239 2676 322 2763 giam
356 2673 431 2741 iidei
465 2695 540 2741 snae
575 2678 737 2743 Ecclesiae
760 2679 956 2763 respiciunt3
992 2666 1050 2743 alii
1082 2684 1201 2760 contra,
1236 2677 1430 2743 recentiores

243 2785 457 2869 potissimum,
492 2785 613 2871 rejecta
635 2785 690 2852 illa
713 2787 858 2874 analogia
891 2789 1012 2874 scripta
1046 2787 1162 2853 biblica
1197 2809 1233 2852 ex
1268 2791 1430 2850 auctorum

241 2893 443 2978 profanorum
465 2915 582 2981 genere
604 2895 655 2958 vix
678 2895 826 2977 eximunt,
851 2915 949 2981 eaque
973 2896 1055 2960 sicut
1079 2896 1206 2981 quaem
1229 2893 1292 2958 alia
1315 2895 1431 2978 scripta

243 3003 409 3066 tractanda
433 3008 465 3067 et
487 3002 723 3088 interpretanda
745 3003 952 3089 praecipiunt,
977 3005 1009 3067 in
1027 3005 1106 3088 ipsis
1121 3001 1296 3090 principiis,
1322 3004 1431 3087 quibus

243 3111 481 3194 adstipulantur,
505 3113 688 3177 hallucinati
702 3114 734 3195 S.
759 3115 837 3182 238.
860 3113 928 3179 Noe
944 3114 1113 3199 praecipua
1127 3111 1291 3196 utriusque
1307 3111 1429 3198 generis

243 3217 450 3305 interpretum
475 3241 572 3304 opera
595 3221 754 3308 exegetica
776 3227 842 3286 turn
866 3221 898 3286 iu
922 3221 1076 3310 integram
1093 3242 1119 3286 s.
1136 3221 1345 3304 Scripturam,
1367 3226 1430 3284 tum

242 3327 274 3390 in
298 3328 437 3415 singulas
461 3329 528 3414 ejus
551 3334 658 3414 partes
683 3331 714 3394 in
737 3337 812 3396 nota
835 3331 977 3416 subjecta
998 3331 1231 3396 recensebimus
1246 3327 1299 3415 li).

265 3455 293 3520 (*
319 3461 399 3508 l’lurs
417 3473 497 3520 opera
517 3461 725 3510 Aeatboiieoruru
746 3463 879 3522 exegetica
897 3474 946 3522 per
964 3463 1048 3509 nostrl
1068 3461 1155 3521 operis
1179 3459 1338 3518 desursum,
1357 3471 1430 3518 prae-

316 3553 407 3600 sertim
427 3552 468 3613 ss.
488 3553 552 3600 24⁰.
571 3553 633 3599 tii.
648 3553 712 3599 tii.
730 3552 790 3599 tlt.
805 3553 832 3599 in
852 3556 920 3599 notis
938 3551 1062 3613 subjectis
1077 3551 1131 3612 janu
1147 3553 1352 3598 commemorate
1365 3554 1428 3596 sunt.

316 3643 371 3690 lloc
389 3644 446 3690 loco
464 3646 588 3704 quosdam
605 3645 687 3694 adbuc
703 3647 756 3690 tum
766 3645 930 3704 augustanae
945 3645 999 3690 ium
1008 3643 1157 3690 ilelveticss
1171 3641 1344 3688 confessionis
1353 3641 1431 3686 inter·

316 3737 405 3793 preter
419 3737 536 3794 potiores
547 3737 662 3797 adjiesn
674 3740 828 3793 opertorum
836 3733 1017 3780 existimamus.
1037 3735 1093 3792 Quo
1112 3732 1138 3778 in
1157 3731 1263 3790 negotio
1281 3737 1311 3778 ut
1324 3731 1432 3790 aliquem

316 3825 434 3873 ordinem
452 3830 599 3882 teneamus,
630 3827 705 3873 modo
731 3837 814 3884 supra
841 3826 973 3883 assignato
1000 3823 1187 3883 distinguemus
1213 3821 1284 3867 inter
1302 3825 1430 3875 austeras,

315 3917 359 3976 qui
377 3916 410 3962 ad
435 3916 543 3962 divinam
568 3915 710 3963 bibliorum
734 3915 844 3962 indolem
868 3914 926 3973 ptus
953 3913 1068 3959 minuare
1095 3911 1258 3959 attendentes
1275 3909 1430 3955 methodum

313 4006 451 4055 rectiorem
462 4009 613 4066 sequuntur,
632 4009 660 4053 at
677 4007 745 4054 inter
763 4019 819 4065 eos,
838 4006 881 4066 qui
894 4004 1028 4064 principiis
1042 4003 1212 4050 liherioribus
1230 4000 1329 4046 addicti
1348 3998 1430 4045 saeris
1541 4025 1542 4028 ,

315 4099 458 4160 seripturis
478 4097 505 4143 in
524 4098 636 4144 classem
648 4095 771 4144 librorum
788 4097 955 4154 proianoruaa
973 4093 1079 4154 relectis
1099 4091 1289 4152 interpratandi
1308 4091 1431 4136 rationem

319 4201 398 4236 mers.
406 4187 558 4236 radosslaus
570 4187 717 4247 applicant,
736 4189 764 4234 et
776 4187 844 4234 baud
856 4197 917 4232 raro
932 4197 964 4234 eo
978 4197 1061 4245 usque
1073 4183 1295 4244 progrediuntur,
1316 4179 1432 4228 atrebas

315 4279 431 4328 omnibus
446 4281 579 4327 humanam
592 4280 719 4326 rationem
731 4277 929 4337 superantibus,
941 4289 1006 4337 quw
1017 4275 1169 4335 displicent,
1184 4273 1324 4320 eliminatis
1337 4270 1432 4331 piacita

313 4371 467 4418 raoeniiorls
485 4369 680 4431 philosophiae,
711 4381 762 4430 qua
779 4369 958 4424 delectantur,
978 4368 1060 4414 textui
1078 4375 1154 4412 sacro
1174 4362 1324 4410 obtrudant.
1360 4359 1429 4418 Quod

311 4463 397 4507 umen
422 4462 511 4520 piures
536 4471 625 4509 sorum
652 4461 759 4520 attinet,
784 4462 827 4506 ast
850 4458 979 4505 incertum
998 4460 1056 4517 est,
1084 4467 1144 4502 num
1168 4454 1202 4502 sd
1220 4453 1327 4512 priores
1345 4459 1377 4496 au
1395 4449 1428 4495 ad

315 4551 477 4610 posteriores
492 4552 546 4598 sint
558 4550 700 4606 relareudi,
715 4561 773 4608 oum
786 4549 837 4596 sibi
849 4559 941 4609 parum
957 4547 1089 4602 constent,
1102 4547 1192 4604 utpote
1205 4542 1251 4604 qul
1259 4541 1334 4589 mado
1349 4540 1381 4587 ad
1393 4539 1430 4584 in·

312 4641 526 4702 terpretatloneur
538 4643 625 4702 iustas
643 4642 786 4690 bibliorum
806 4640 906 4688 notioni
927 4641 1121 4698 attemperatam
1143 4648 1173 4684 ae
1187 4634 1290 4702 bonam
1302 4630 1428 4694 adjiciunt
