3118 5282
257 441 335 516 336

258 615 381 681 ratione
404 609 606 700 quorumdam
634 605 855 684 terminorum,
879 605 994 688 quibus
1023 611 1128 670 certae
1152 607 1314 672 doctrinae
1334 628 1372 670 ac
1394 608 1442 670 in-

260 725 372 789 stituta
395 719 556 806 roligionis
580 715 785 792 christianae,
808 713 950 795 inprimis
973 715 1140 798 mysteria,
1172 715 1377 780 Sacramenta
1404 715 1442 778 N.

259 833 298 896 Τ.
331 837 424 912 atque
448 823 625 890 hierarchia
647 823 808 886 Ecclesiae
832 819 1006 886 catholicae
1035 823 1138 886 divina
1160 823 1275 906 passim
1302 829 1334 886 et
1359 823 1448 906 quasi

261 939 422 1019 technice,
446 941 481 998 ut
497 933 559 997 dici
582 931 683 1009 solet,
706 929 917 1016 designantur.
965 930 1082 994 Caveat
1106 931 1253 1010 sollicite,
1278 933 1449 996 natalium

261 1069 367 1112 rerum
391 1043 656 1110 denominationes
680 1039 710 1102 in
736 1037 930 1121 expositione
955 1037 1113 1123 negligat,
1147 1041 1220 1123 quia
1243 1040 1371 1122 saepius
1396 1060 1449 1101 us-

262 1178 322 1242 que
345 1157 384 1218 ad
407 1151 558 1238 originem
585 1149 686 1232 ipsius
709 1146 871 1232 religionis
894 1148 1085 1226 ascendunt,
1110 1167 1169 1212 usn
1192 1147 1308 1212 biblico
1334 1153 1369 1211 ct
1397 1168 1449 1210 ee-

263 1262 443 1330 clesiastico
473 1265 614 1322 sacratae
641 1261 736 1334 sunt,
760 1259 793 1318 et
820 1275 888 1333 res,
920 1274 996 1338 quas
1023 1257 1156 1336 docent,
1187 1263 1251 1321 taur
1278 1257 1452 1337 adaequate

264 1371 459 1456 exprimunt,
482 1373 518 1430 ut
539 1366 617 1430 aliae
641 1386 703 1428 non
720 1362 798 1439 sint,
823 1382 903 1445 quae
920 1381 1025 1426 earum
1041 1366 1230 1445 potestatem
1251 1363 1348 1447 plene
1364 1385 1452 1428 asse-

264 1485 399 1566 quantur
410 1477 464 1565 1);
487 1474 549 1539 imo
566 1471 734 1538 timendum
752 1475 818 1553 est,
843 1491 881 1534 ne
907 1470 947 1533 iis
963 1471 1091 1534 mutatis
1105 1472 1193 1554 ipsae
1208 1493 1315 1536 rernm
1332 1473 1453 1536 divina-

264 1609 333 1652 rum
356 1586 503 1650 notiones
519 1584 734 1662 immutentur,
760 1577 969 1642 diminuantur
984 1575 1033 1642 vel
1049 1576 1253 1644 obfuscentur
1263 1579 1305 1666 ²).

355 1693 477 1776 Quodsi
493 1691 660 1773 Scriptura
674 1689 705 1750 in
722 1685 805 1750 aliud
821 1686 936 1750 idioma
951 1687 1166 1752 transferenda
1181 1689 1239 1769 sit,
1263 1710 1323 1772 per
1345 1707 1382 1752 se
1407 1690 1455 1751 in·

266 1803 439 1890 telligitur,
463 1797 616 1884 ejusmodi
637 1791 779 1860 terminis
800 1793 953 1858 technicis
976 1800 1081 1860 textus
1106 1797 1267 1883 originalis
1291 1797 1324 1860 in
1347 1798 1455 1882 lingna

265 1911 420 1978 versionis
449 1929 544 1972 uoces
575 1901 808 1969 substituendae
832 1923 918 1984 esse,
954 1924 1033 1986 quae
1066 1904 1147 1988 illis,
1182 1910 1331 1988 quantum
1362 1902 1459 1990 hujus
1550 1889 1551 1906 ¹

265 2021 391 2106 linguae
416 2017 538 2082 indoles
559 2011 730 2100 permittit,
753 2012 875 2074 ratione
898 2009 1004 2075 habita
1024 2032 1099 2077 usus
1126 2013 1274 2098 loquendi
1294 2009 1412 2078 biblici
1430 2022 1460 2080 et

266 2127 474 2194 ecclesiastici
489 2125 580 2210 plane
596 2117 787 2207 respondent
799 2119 841 2207 ⁸).

292 2271 317 2336 ¹)
339 2275 450 2323 'iermini
474 2274 501 2320 in
523 2271 683 2332 expositione
704 2269 814 2316 sollicite
846 2269 965 2315 servandi
989 2273 1051 2316 sunt
1078 2281 1101 2316 e.
1130 2283 1156 2329 g.
1177 2271 1283 2317 Nomina
1305 2269 1453 2317 diuinarum

340 2375 508 2426 personarum
519 2375 556 2409 ss.
574 2360 707 2408 Trinitatis
724 2352 736 2404 ὁ
752 2353 950 2426 ΠατὴρΡοὶεν,
970 2351 983 2404 ὁ
1002 2351 1065 2414 Υἱὸς
1078 2356 1173 2415 iilius,
1196 2348 1222 2420 (ὁ
1241 2355 1322 2424 λόγος
1340 2361 1459 2408 Verius·

339 2450 457 2509 Μεσσίας
477 2477 510 2488 -
531 2445 604 2524 walp
633 2473 665 2483 -
686 2447 821 2504 Messius,
853 2446 1003 2514 comtos),
1033 2461 1062 2497 το
1088 2446 1192 2514 Πνεῦμα
1226 2445 1301 2516 ἅγιον
1335 2451 1460 2514 Spiritus

340 2547 466 2599 rossoton
488 2543 592 2590 nomina
609 2539 750 2586 divinarum
767 2539 981 2601 processionum,
1001 2534 1121 2603 piatatis
1133 2541 1281 2602 pancratio,
1301 2535 1459 2610 ἐκπορὲυσις

342 2635 501 2700 processio,
521 2632 613 2692 quibus
633 2631 706 2690 origo
723 2642 851 2690 personas
873 2629 974 2677 disinsa
998 2631 1029 2678 ab
1049 2631 1099 2678 siis
1122 2645 1234 2692 persona
1248 2645 1295 2692 per
1314 2637 1460 2680 communi·

346 2727 474 2774 cntionem
489 2726 606 2781 naturae,
627 2725 653 2768 st
666 2723 692 2768 in
703 2721 791 2780 specie
805 2721 887 2779 priori
896 2721 1006 2768 termino
1017 2721 1090 2781 oripo
1105 2721 1164 2770 iiiii
1173 2736 1188 2769 a
1198 2721 1290 2777 Patre,
1313 2727 1460 2784 posteriori

341 2830 404 2864 vsro
420 2816 494 2875 origo
511 2814 625 2873 Spiritus
639 2825 661 2859 s.
678 2824 694 2858 a
709 2812 785 2858 Patre
803 2811 918 2872 Filioque
944 2812 1095 2873 deuotstnrp
1123 2825 1202 2874 porro
1228 2814 1334 2861 nomina
1360 2816 1458 2863 Sacra·

339 2911 480 2956 mentorum
495 2917 526 2952 sc
542 2904 716 2952 ministrorum
728 2903 861 2950 Ecclesiae
876 2903 1033 2960 catholicae,
1054 2917 1077 2952 e.
1090 2917 1117 2964 p.
1134 2899 1228 2959 κλάσις
1245 2899 1275 2952 τῦ
1294 2898 1364 2972 cipro
1388 2908 1458 2953 ceie-

343 2997 431 3046 bruts'o
461 3007 561 3044 socrus
589 3005 703 3048 coenae,
736 3005 784 3038 seu
799 2991 1003 3051 Eucharistiae,
1034 2986 1174 3049 ἐπίσκοπος
1200 2993 1358 3058 episcopas,
1380 3007 1459 3063 πρεο·

341 3079 451 3156 pinpo:
470 3085 614 3150 presbyter
637 3081 785 3144 (sacerdos)
804 3085 851 3128 etc.

295 3173 321 3240 Β)
341 3181 393 3237 ita,
413 3179 437 3224 si
450 3177 527 3224 ioan.
544 3175 565 3234 i,
581 3175 624 3220 ii.
641 3173 683 3219 18.
698 3173 742 3231 iii,
764 3174 805 3218 1o.
821 3173 862 3218 18.
881 3171 956 3219 Joan.
970 3169 1009 3230 lv,
1023 3175 1049 3220 e.
1064 3173 1214 3220 vocabulum
1233 3173 1381 3238 μονογενὴς
1400 3176 1459 3222 assi-

341 3267 463 3330 pens'tus,
483 3277 533 3325 quo
551 3262 723 3310 contermino
744 3261 863 3308 technico
883 3275 899 3309 s
920 3262 1056 3324 Scriptura
1075 3272 1101 3312 et
1118 3265 1235 3312 nectaris
1254 3266 1392 3314 cstiaoiica
1414 3281 1459 3327 pc·

341 3355 448 3404 sanatio
467 3355 611 3408 indicatur,
631 3363 682 3411 qua
701 3352 769 3398 Deus
788 3351 865 3398 Pater
880 3361 937 3399 cum
956 3355 1032 3401 unico
1048 3355 1113 3402 iiiito
1129 3367 1191 3410 suo,
1211 3354 1239 3400 in
1254 3367 1337 3402 sensu
1350 3358 1460 3416 proprio

343 3458 374 3494 sc
391 3443 576 3503 strictissimo,
597 3441 629 3489 ab
645 3445 751 3488 aeterno
778 3453 851 3488 suasu
877 3447 994 3490 naturam
1024 3444 1133 3492 divinam
1162 3446 1378 3507 communicavit,
1399 3460 1459 3507 per·

343 3548 432 3598 perans
449 3535 562 3582 redditur
587 3543 603 3576 s
621 3529 692 3578 (ihr.
714 3531 765 3577 Tb.
786 3531 930 3578 iiuinoei
950 3537 978 3580 et
993 3535 1065 3582 chr.
1090 3536 1162 3582 Abr.
1182 3535 1273 3582 Wabi
1288 3549 1357 3594 per:
1378 3551 1460 3600 prae-

345 3625 545 3680 stantissimus,
567 3619 741 3678 carissimus,
762 3633 812 3682 qua
827 3625 995 3672 translations
1011 3625 1128 3686 equidem
1147 3626 1265 3674 notiones
1285 3630 1461 3676 secundariae

346 3721 372 3765 et
386 3716 559 3764 accidentales
573 3713 706 3771 vocabuli,
728 3724 779 3758 non
795 3724 859 3760 vero
878 3715 925 3761 ilis
943 3717 1068 3775 primaria
1087 3729 1116 3763 sc
1135 3716 1258 3776 genuina,
1284 3721 1460 3765 communica·

345 3807 423 3854 tionis
447 3817 537 3864 nsrnpe
557 3807 665 3850 naturae
684 3803 785 3850 dirinse
804 3806 967 3863 exprimitur.
993 3806 1032 3854 iix
1050 3807 1137 3854 eadem
1158 3819 1238 3855 causa
1253 3808 1332 3855 Joan.
1345 3809 1400 3868 XV,
1420 3811 1460 3855 26.

350 3892 363 3943 ὁ
383 3892 499 3964 accipitris
516 3889 613 3962 πατρὸς
629 3887 793 3962 innupsisset
814 3894 859 3957 pai
876 3910 893 3942 a
912 3895 996 3944 Patre
1014 3897 1153 3960 procedit,
1173 3898 1265 3960 quibus
1285 3901 1377 3948 verbis
1391 3902 1461 3947 teci·

348 3988 405 4036 uice
424 3987 496 4047 oripo
507 3985 619 4044 spiritus
637 3997 658 4029 s.
673 3985 754 4031 aiieo
765 3985 842 4034 Patra
855 3987 1018 4046 exprimitur,
1039 4001 1055 4034 a
1069 3989 1227 4036 Schottio
1245 3991 1314 4037 snsie
1331 3994 1460 4038 restitues

348 4095 365 4127 n
383 4079 468 4126 Putre
487 4077 665 4138 sbiepnssdus,
686 4076 747 4136 quia
763 4077 810 4122 hac
827 4077 999 4126 translatione
1022 4079 1158 4138 processio
1176 4079 1288 4140 Spiritus
1307 4094 1332 4128 s.
1352 4095 1369 4128 a
1385 4082 1461 4128 Patra

347 4171 374 4217 in
393 4170 462 4216 dicto
481 4179 561 4214 seusu
582 4165 658 4225 plane
684 4165 847 4214 obliteratur.

303 4255 330 4322 ⁸)
349 4261 386 4308 iix
402 4261 451 4307 boc
464 4258 548 4317 capite
561 4257 695 4303 translatio
710 4256 918 4306 vastationis
929 4255 1004 4306 Joan.
1018 4259 1038 4318 Ι,
1056 4261 1080 4305 1.
1096 4257 1128 4307 iss
1137 4257 1273 4323 principio
1285 4265 1461 4316 crutserrao,

348 4353 374 4400 ct
391 4362 481 4399 sermo
502 4350 563 4394 crat
581 4347 652 4407 apud
671 4345 769 4403 Deum,
795 4350 821 4394 et
840 4349 910 4396 Deus
936 4354 997 4396 erat
1014 4348 1037 4396 ἑο
1067 4359 1172 4406 sermo,
1192 4355 1219 4397 et
1239 4351 1302 4397 ibid.
1325 4367 1351 4397 v.
1375 4351 1419 4399 1t.
1439 4352 1463 4397 ct

346 4452 436 4490 sermo
457 4451 521 4485 caro
541 4433 633 4500 fuctus
654 4438 707 4492 est,
727 4437 828 4484 minime
848 4437 947 4498 piscat,
967 4440 1040 4499 quia,
1067 4441 1130 4486 licet
1154 4454 1201 4500 por
1233 4454 1310 4488 usum
1339 4443 1462 4502 loquendi

348 4539 468 4590 praecum
481 4539 640 4574 communem
656 4520 735 4588 Mitt
751 4527 816 4576 alias
833 4531 907 4578 etiam
923 4543 1013 4578 sermo
1029 4529 1099 4577 reddi
1113 4531 1208 4590 pescli,
1220 4536 1307 4578 tannen
1317 4533 1396 4580 ioan.
1407 4535 1428 4592 i,
1441 4535 1463 4578 1.

351 4635 408 4682 sqq.
429 4621 454 4667 ei
474 4631 523 4666 non
550 4619 705 4678 respondet,
726 4618 767 4664 ubi
786 4633 816 4666 ex
840 4633 886 4668 usu
910 4621 1004 4670 biblico
1030 4629 1057 4669 et
1076 4623 1252 4670 ecclesiastico
1272 4625 1405 4684 peculiari
1422 4625 1463 4671 do·
