3112 5284
1260 382 1335 458 25¹

223 561 369 622 angesehen
393 572 425 606 su
438 559 541 608 soieher
555 553 729 606 historischen
746 559 897 620 tiedcutunp
911 559 982 608 tritis
999 561 1122 622 geiaugen
1141 562 1262 620 kdnnen,
1290 563 1341 610 risi

222 653 345 712 weniger,
364 652 414 700 wie
430 652 468 698 sie
484 650 524 696 sis
544 649 667 708 gittiiehe
688 647 861 711 edentes-eng
877 662 911 698 nu
927 652 1015 698 heiteo
1033 653 1109 711 ses-'⁹

177 737 447 806 ἱ)111ιιοο.ς.ιιοιι
474 739 595 787 obstante
622 740 669 787 hec
687 739 819 788 humenis
837 753 853 786 s
871 740 947 788 nohis
966 741 1093 790 vindicata
1112 743 1190 794 tactio
1208 743 1340 805 largimur,

222 837 319 884 claram
339 833 483 882 doctrinam
502 835 534 882 de
558 831 709 893 trinitate,
738 827 839 893 qualem
859 831 993 894 christus,
1018 833 1166 892 unigenitus
1185 835 1234 882 Dei
1261 833 1341 896 iiiios,

151 931 155 942 “
221 927 267 988 qui
284 930 326 974 set
342 926 369 972 in
387 924 448 972 sisu
464 923 548 972 Patris
568 922 656 986 (iesu.
676 924 695 982 1,
719 920 789 982 iffi),
809 923 953 979 ousmrit,
973 923 1000 972 in
1018 923 1092 972 iihris
1101 925 1131 972 V.
1142 925 1171 972 it.
1190 937 1243 974 nou
1259 937 1339 985 repe·

220 1018 278 1068 riri.
303 1017 360 1064 Nos
379 1017 464 1064 minas
483 1016 668 1070 concedimus,
693 1015 836 1062 doctrinam
853 1017 968 1062 sosusrs
988 1014 1021 1062 ds
1038 1017 1208 1078 purgatorio,
1237 1018 1339 1077 qualem

220 1111 248 1160 in
266 1106 433 1156 citerioribus
452 1106 545 1154 scistis
564 1105 631 1154 iihro
655 1105 684 1152 V.
698 1105 726 1152 p,
747 1106 781 1152 11.
801 1104 1014 1152 hischshseorum
1032 1105 1098 1162 xii,
1127 1107 1171 1153 io.
1191 1119 1248 1170 sqq.
1269 1111 1296 1156 et
1313 1107 1340 1154 in

221 1199 253 1244 N.
272 1199 300 1244 p,
319 1197 458 1257 praecipue
485 1196 657 1241 annuntiatam
683 1194 841 1250 invenimus,
870 1194 1040 1253 scriptoribus
1067 1194 1271 1256 entiquissimis,
1300 1197 1340 1243 uti

219 1287 320 1335 auctori
338 1285 397 1333 iiisri
414 1285 496 1332 Josue
513 1285 588 1332 sitive
603 1284 716 1344 ejusdem
732 1285 789 1332 seri
803 1284 914 1332 nondum
931 1285 1014 1332 tuisse
1024 1286 1171 1332 revelatam.
1189 1285 1339 1340 Caeterum,

220 1377 283 1425 iicet
303 1375 421 1436 analogia
441 1375 573 1423 doctrinae
590 1373 701 1422 hitlicse
718 1389 749 1423 ex
766 1387 815 1423 sus
835 1375 934 1436 origine
961 1375 1046 1423 divina
1063 1375 1245 1424 consideratae
1263 1377 1339 1437 louge

221 1467 343 1524 firmiori,
363 1479 436 1528 quem
453 1465 663 1526 philosopherum
681 1465 812 1522 rationes,
829 1465 994 1514 mudsmento
1012 1466 1145 1527 innitetur,
1165 1469 1225 1527 pois
1242 1472 1338 1529 umen,

220 1559 265 1606 uhi
286 1557 402 1606 hominos
426 1555 479 1608 sihi
502 1555 567 1604 solis
591 1549 678 1604 relicti
703 1553 864 1616 Scriptorum
885 1557 1105 1616 interpretentur¹
1134 1557 1233 1606 indoles
1261 1558 1339 1620 huius

219 1648 354 1707 ansioptee
369 1647 401 1696 eh
416 1646 586 1704 interpretum
603 1645 778 1704 intelligentis
793 1646 887 1706 pendet
906 1645 1015 1708 (8.158.
1039 1644 1081 1709 ι),
1100 1647 1253 1707 principium
1270 1651 1339 1696 omni

220 1738 368 1797 exceptione
391 1735 473 1795 mejus
499 1736 601 1783 demum
628 1737 694 1796 erit,
722 1735 768 1782 uhi
784 1736 882 1796 judicio
907 1735 1040 1786 heeieslse
1064 1737 1206 1784 csthoheee
1235 1735 1339 1785 detinits

219 1827 312 1888 tuerit,
331 1827 368 1874 uti
384 1826 449 1884 usp.
469 1827 586 1886 sequenti
608 1825 632 1886 s.
654 1826 714 1872 178.
734 1825 887 1874 videbimus.

272 1917 346 1978 Quod
372 1917 464 1964 attinet
489 1917 562 1975 leges
589 1916 796 1976 interpretandae
828 1928 852 1963 s.
883 1914 1034 1976 Scriptores
1061 1915 1209 1977 peculium
1236 1917 1337 1964 retium

219 2009 321 2058 diriose
339 2007 448 2067 originis
462 2008 488 2054 iu
505 2020 536 2054 se
553 2011 686 2066 spectstse
708 2007 760 2064 legi
779 2010 927 2055 merentur:
946 2008 978 2055 D.
995 2007 1139 2066 dauney,
1157 2006 1336 2056 institutiones

219 2101 385 2148 Hermensnt.
402 2097 446 2148 iih.
466 2099 486 2144 1.
507 2108 564 2158 csp.
585 2097 616 2144 V.
638 2109 696 2158 esp.
720 2097 774 2145 vii·
799 2098 824 2159 ς.
842 2098 886 2148 111.
905 2098 998 2145 hiieh.
1015 2098 1157 2154 husoth,
1176 2098 1224 2145 hie
1243 2098 1336 2146 {intem

218 2190 324 2238 schiede
342 2189 473 2236 swischen
493 2189 541 2234 der
559 2187 631 2235 bioss
650 2187 805 2237 rsssoeeiien
820 2189 871 2235 und
888 2187 1066 2236 ksthoiischen
1086 2186 1337 2249 Schriitsusiegung.

218 2279 282 2326 hias
300 2279 378 2326 1818.
395 2291 423 2338 p.
443 2279 560 2328 tt-to.
586 2277 612 2326 J.
627 2277 812 2339 iisueider‚
831 2279 1029 2330 hermeneutics
1046 2277 1106 2326 hihi.
1125 2279 1254 2339 generetis
1265 2278 1293 2326 P.
1304 2281 1335 2326 11.

219 2369 306 2430 §.tu
340 2370 412 2418 inter
431 2368 613 2422 Protestentes
641 2381 673 2418 ex
700 2371 823 2430 proiesso
850 2373 877 2416 et
903 2369 1005 2416 erudite
1029 2370 1077 2416 hae
1103 2370 1137 2416 de
1166 2382 1195 2418 re
1226 2369 1337 2430 scripsit

219 2460 360 2520 Augusti
383 2460 507 2520 inopere
526 2453 646 2507 lsudstos
674 2460 790 2508 Versuch
807 2461 882 2508 einer
899 2460 1248 2521 historiast-dogmattschen
1272 2461 1334 2508 din-

216 2552 311 2610 teitung
330 2553 356 2598 iu
376 2549 419 2597 dia
433 2549 492 2598 heii.
512 2547 618 2598 Schriit.

625 2764 785 2841 CAPUT
811 2765 854 2838 il.

302 2943 339 3002 ns
351 2939 532 3002 sponsurus
544 2938 701 2998 noonnsne
713 2938 890 3000 urrunnun
903 2938 1178 3002 nrnnmrruors.

251 3126 279 3194 §-
296 3125 341 3186 iit
363 3125 439 3184 hotto
459 3123 538 3197 huus
559 3121 795 3195 interpretationis
816 3123 853 3186 et
865 3123 1025 3196 mnspeetus
1047 3122 1226 3181 dicendorum

235 3272 501 3352 Quemadmodum
522 3271 674 3337 revelatio
699 3271 848 3336 divinitus
871 3289 1021 3336 concessa
1043 3275 1076 3334 et
1095 3271 1133 3334 ah
1150 3267 1333 3333 auctoribus

143 3381 307 3464 inspiratis
322 3381 425 3446 literis
449 3381 653 3466 consignata,
677 3380 709 3444 iu
725 3400 760 3443 se
782 3382 925 3463 spectata
946 3379 1115 3464 interpreti
1130 3378 1221 3462 plura
1236 3397 1334 3460 pecu-

141 3491 233 3554 iiarie
252 3487 386 3574 injungit
407 3507 552 3568 munera,
574 3487 620 3552 ita
636 3487 732 3551 etiam
748 3489 787 3552 od
803 3507 929 3552 nexum
955 3508 1029 3552 eum
1050 3488 1246 3572 Maps'sterto
1262 3487 1332 3550 Eic-

144 3603 267 3666 cieeioe
288 3600 483 3680 camelinae,
508 3597 559 3661 eui
585 3597 686 3682 ipsius
712 3597 1003 3680 interpretationem
1029 3618 1067 3662 ex
1094 3595 1197 3660 dimna
1224 3595 1334 3678 dispo·

142 3709 259 3774 sitione
276 3707 471 3773 commissam
488 3706 659 3787 eredimus,
684 3705 855 3792 singularia
871 3705 1063 3770 observanda
1078 3704 1276 3790 praescrihit.

235 3816 334 3901 Cujus
353 3816 479 3901 generis
500 3816 705 3900 iuterpretio,
728 3815 758 3880 si
779 3835 891 3900 reapse
912 3816 1016 3880 locum
1037 3814 1142 3898 habet,
1168 3813 1251 3878 omni
1279 3834 1334 3876 ex-

143 3924 290 4010 ceptione
316 3923 432 4008 major‚
456 3929 489 3988 et
516 3926 548 3988 in
573 3944 668 3989 sensu
690 3924 892 3990 strictissimo
918 3926 1104 3990 authentico
1118 3922 1250 3986 dicenda
1274 3927 1334 3984 est.

140 4033 331 4102 taeneotica
353 4033 434 4098 enim
462 4031 683 4116 interpretatio
706 4034 838 4111 dicitur,
863 4052 942 4115 quae
963 4033 1001 4096 ab
1025 4032 1095 4115 ipso
1121 4035 1252 4094 auctore
1274 4029 1335 4092 ali-

143 4143 233 4228 cujus
261 4142 412 4208 orationis
439 4142 504 4207 sive
525 4163 588 4208 ore
614 4143 756 4225 prolatae
783 4141 850 4206 sive
876 4141 980 4206 literis
999 4142 1163 4205 mandatae
1185 4136 1333 4222 proticis-

143 4254 228 4318 citur
237 4251 289 4336 1).

233 4359 301 4424 Jam
323 4366 445 4443 autem,
472 4360 545 4442 quia
564 4361 657 4424 Jesus
683 4360 847 4438 Christus,
871 4359 1034 4446 religionis
1057 4362 1185 4424 noemae
1207 4359 1331 4433 auctor,

143 4469 307 4534 Ecclesiae
325 4488 393 4534 eam
410 4467 549 4552 Spiritus
565 4490 591 4532 s.
609 4468 819 4534 assistentiam
835 4467 1011 4547 concessit,
1028 4473 1064 4531 ut
1078 4470 1231 4552 perpetuo
1249 4469 1334 4527 esset

143 4576 244 4645 tetius
270 4574 434 4644 doetrinae
461 4577 620 4644 revelatae
647 4573 819 4642 infallibilis
847 4583 972 4658 custos,
991 4573 1088 4656 judex
1109 4577 1142 4639 et
1161 4572 1331 4654 interpres,
