3112 5284
221 422 299 498 230

245 596 271 665 ²)
291 603 354 650 llum
368 605 527 652 Judseornm
545 605 625 652 Deum
644 603 743 654 colendi
762 605 879 658 modum,
898 606 1013 652 externis
1033 607 1193 666 potissimum
1212 605 1310 655 ritibus
1328 617 1411 654 oecu-

290 697 379 754 patum
396 698 423 742 et
440 699 512 742 certo
532 694 588 742 loco
602 693 759 750 sdetrlctum,
781 695 814 743 ad
831 694 925 742 cultum
938 697 1024 743 evexit
1033 699 1141 744 oetnrse
1152 697 1200 746 liei
1210 699 1293 758 msgls
1304 709 1412 744 socom·

289 786 431 845 modntun,
451 786 495 845 qui
512 785 635 843 imprimis
649 784 675 830 lo
688 785 789 832 interne
805 784 917 831 bominis
930 786 1108 844 perfectione,
1128 791 1204 834 reeta
1215 799 1309 846 nempe
1321 799 1414 833 rerum

291 875 432 922 divisorum
455 877 601 934 cognitione
626 880 703 935 etque
725 876 892 934 integerrima
914 873 983 922 vites
1004 877 1142 924 sanctltste
1163 879 1297 938 portetur,
1317 876 1416 936 ubique

292 967 422 1012 terrerum
441 966 601 1024 paragendus
620 965 698 1012 Jonn.
715 965 760 1020 lv,
782 965 899 1012 il-tt.

248 1047 274 1114 1)
294 1054 349 1100 lino
371 1055 471 1114 spectat
489 1056 638 1112 mysterium
659 1066 698 1100 ss.
714 1053 860 1109 Trinitatis,
884 1055 952 1114 qnod
975 1056 1001 1100 in
1027 1055 1134 1115 entique
1157 1057 1216 1115 lego
1237 1057 1279 1102 vix
1298 1055 1418 1102 obscure

291 1144 448 1204 indicatum,
473 1143 638 1203 livengelium
661 1143 739 1190 elaris
764 1143 850 1190 verbis
876 1143 962 1190 docet.
1000 1143 1077 1192 conl.
1104 1145 1193 1192 ldettb.
1216 1145 1268 1200 lll,
1297 1145 1343 1191 ro.
1373 1145 1418 1190 17.

293 1235 410 1296 xxvlll,
432 1236 471 1281 1⁰.
744 1225 750 1237 ‘

247 1317 273 1386 ι)
292 1326 362 1372 lnter
380 1326 464 1386 cupite
491 1325 523 1372 sd
546 1325 667 1384 maiorem
692 1323 878 1384 perlectionem
903 1324 1028 1384 perducta
1048 1324 1185 1372 relerlmns
1215 1325 1418 1390 matrimonium,

292 1415 360 1475 qnod
379 1413 496 1461 cbristus
515 1413 615 1460 sublets
632 1414 776 1472 polygonis
794 1419 822 1459 et
839 1412 936 1472 rejecto
956 1413 1042 1462 libello
1064 1415 1167 1474 repudii
1194 1415 1262 1474 legia
1280 1417 1418 1462 mosricso

292 1516 370 1551 unum
386 1507 461 1563 etque
478 1515 530 1549 non
549 1503 697 1550 solvendum
710 1503 860 1549 declarerit.
880 1503 968 1550 bletlb.
980 1503 1044 1560 XIX,
1063 1504 1088 1550 b.
1101 1517 1160 1564 sqq.
1170 1505 1252 1552 idere.
1266 1505 1295 1564 X,
1313 1505 1418 1551 2-12.

292 1595 355 1640 buc.
375 1593 448 1652 xil,
470 1593 513 1639 18.
532 1595 550 1640 l.
571 1593 629 1641 Gor.
649 1593 712 1651 vll,
734 1595 777 1639 1⁰.
798 1595 842 1638 tl.
864 1593 908 1640 tt.

249 1677 275 1744 ⁵)
295 1685 334 1731 Ad
356 1695 423 1730 nove
440 1693 489 1742 per
505 1683 634 1730 Christum
650 1683 710 1730 deta
726 1683 873 1742 pertinente
899 1683 998 1742 Religio
1019 1687 1046 1730 et
1059 1684 1176 1731 iicclesis
1193 1683 1310 1731 omnibus
1331 1684 1420 1743 genti·

295 1776 344 1823 bus
363 1776 491 1823 ‹lestloste
508 1779 534 1822 et
550 1777 738 1822 accommodato
757 1777 834 1834 etque
849 1787 930 1835 usqne
945 1777 978 1822 nd
995 1773 1071 1823 tinem
1086 1777 1171 1823 mundi
1188 1778 1326 1836 duretent
1341 1778 1419 1824 selu·

294 1869 329 1914 tis
344 1865 460 1914 subsldis
475 1863 603 1920 mencio,
622 1865 695 1926 eujus
715 1865 818 1924 generis
841 1869 903 1912 sunt
923 1878 1005 1914 norae
1023 1866 1089 1925 legia
1101 1866 1267 1914 sacramente
1283 1869 1311 1914 et
1327 1865 1418 1914 snerl-

294 1956 378 2004 ticium
393 1956 498 2003 lllssae.

251 2041 276 2109 ⁸)
294 2049 417 2096 Profecto
436 2049 533 2094 frustm
551 2059 579 2096 se
597 2049 732 2095 exerceret
757 2046 911 2106 interpres,
940 2048 962 2094 si
980 2047 1006 2092 ln
1028 2047 1188 2106 expositione
1214 2047 1243 2094 Δ.
1269 2047 1298 2094 ll.
1326 2059 1418 2095 omnes

294 2140 353 2186 lllas
371 2140 513 2197 veritates,
533 2149 598 2196 ques
616 2138 648 2185 de
666 2136 750 2185 tribus
770 2150 806 2184 ιι.
827 2137 962 2184 'l'rlnltetis
980 2138 1115 2197 personis,
1136 2139 1169 2186 de
1188 2137 1273 2198 grstia
1286 2149 1318 2184 ac
1334 2138 1417 2198 justi-

295 2227 430 2282 tientioue,
458 2229 490 2276 de
517 2229 680 2286 preestnntls
710 2227 868 2288 vlrglnltstls
895 2240 1042 2289 cognovere
1072 2227 1228 2289 cbristlenl,
1261 2231 1287 2276 ct
1313 2228 1341 2275 ln
1364 2229 1418 2276 isto

295 2319 404 2365 invsulrl
420 2319 607 2379 contenderet,
636 2321 662 2366 et
677 2318 729 2378 lem
748 2321 833 2366 eetste
852 2319 920 2378 logie
938 2321 1067 2366 mosaicas
1086 2319 1182 2379 populo
1200 2318 1319 2366 ilebrneo
1338 2319 1417 2367 inno·

294 2409 376 2455 tuisse
392 2408 469 2455 vellet
488 2409 617 2456 minoem.
644 2409 706 2456 vice
725 2421 801 2456 verse
819 2410 925 2456 duriore
951 2409 981 2456 Δ.
1006 2409 1034 2456 ll.
1055 2411 1153 2456 statute
1171 2410 1278 2470 dejure
1297 2410 1418 2466 talionis,

296 2500 329 2545 de
348 2499 494 2545 conditione
513 2511 620 2546 uxorum
640 2503 666 2546 et
684 2511 820 2547 servornm
838 2501 940 2560 elinque
958 2499 1034 2558 bujns
1052 2501 1156 2558 generis
1175 2501 1208 2546 sd
1225 2499 1309 2558 legens
1329 2500 1417 2546 eberi-

295 2589 358 2635 tstis
377 2591 405 2636 et
420 2587 546 2635 libertatis
564 2590 590 2635 lu
608 2589 639 2635 N.
660 2590 687 2637 p,
708 2589 907 2637 commendetam
927 2590 1030 2649 exigere
1049 2601 1100 2638 nou
1119 2589 1189 2636 llcet.

250 2673 276 2740 ⁷)
296 2679 339 2728 lio
357 2680 444 2739 plores
461 2679 581 2727 notlonea
601 2680 633 2726 de
652 2681 721 2735 Deo,
748 2681 782 2726 de
799 2679 963 2738 providentis
981 2685 1057 2739 atque
1074 2678 1185 2726 bominis
1205 2678 1347 2739 dignitsts,
1365 2691 1416 2726 uec

296 2782 347 2818 non
363 2770 436 2829 leges
455 2771 565 2816 morsles
581 2769 680 2816 Novom
688 2769 791 2816 Foedus
804 2781 950 2816 communes
966 2769 1044 2817 bobet
1062 2781 1119 2816 oum
1137 2768 1168 2814 Δ.
1187 2769 1234 2828 ll.;
1254 2774 1417 2829 quapropter

295 2862 439 2908 sententiae
457 2859 576 2918 bibllcse‚
596 2873 661 2921 quse
678 2861 749 2907 circe
764 2861 811 2907 bes
827 2873 871 2908 res
892 2860 1019 2908 obscurae
1038 2863 1106 2920 suut,
1126 2873 1158 2907 ex
1177 2860 1297 2919 analogio
1315 2861 1417 2908 unlus·

296 2965 347 3014 que
361 2953 473 3000 foederis
493 2952 615 3011 explicsrl
635 2955 755 3011 pessunt.

367 3044 439 3090 bloet
456 3055 540 3103 vero,
555 3045 584 3089 ut
602 3056 633 3091 er
651 3043 727 3089 dletle
745 3044 833 3101 petet,
854 3041 986 3088 doctrinae
1005 3041 1035 3088 N.
1049 3041 1077 3086 ι’.
1097 3039 1152 3086 lllls
1171 3041 1202 3085 Δ.
1222 3041 1250 3087 p,
1271 3042 1417 3100 perlectio-

295 3144 361 3192 τοι,
380 3135 460 3194 megin
479 3134 622 3191 completae
640 3145 671 3179 ec
690 3133 844 3190 perspicuae
863 3133 937 3191 slot,
963 3133 1160 3190 repugnantiam
1179 3133 1262 3178 temen
1284 3132 1417 3180 interires

297 3229 324 3272 et
339 3225 396 3271 illes
415 3227 497 3270 locum
516 3223 611 3270 bebere
626 3235 678 3269 noo
697 3234 776 3282 posse
796 3221 829 3267 ob
848 3223 958 3268 divinem
977 3221 1127 3282 Scriptum
1144 3221 1280 3281 originem,
1300 3221 1374 3270 Seet.
1386 3225 1417 3270 ll.

299 3316 361 3375 (lap.
383 3316 403 3362 l.
422 3315 448 3374 S.
470 3318 530 3363 170.
549 3315 659 3362 dicetur.

321 3510 348 3578 s.
366 3504 419 3566 lit.
433 3505 501 3566 llsm
517 3507 656 3566 doetrinae
671 3506 820 3578 prlmorom
834 3503 968 3564 loeleuse
983 3501 1094 3562 leben
1108 3503 1138 3560 ln
1154 3502 1325 3574 expositione

720 3615 742 3662 ι.
759 3601 923 3674 iorlpturee.

317 3745 408 3809 Sicut
425 3769 462 3812 ex
477 3747 609 3810 asertis
618 3745 833 3831 Xenophontis
849 3744 967 3829 placite
976 3741 1132 3822 Socratis,
1148 3741 1292 3826 magistri
1304 3740 1418 3823 ipsius,

228 3857 413 3939 edocemur,
454 3862 485 3918 et
512 3855 686 3940 generatim
713 3854 860 3938 discipuli
887 3851 1130 3929 sententiarum,
1170 3869 1247 3932 ques
1275 3848 1421 3935 magistri

231 3963 480 4049 profitebantur,
506 3962 717 4028 difficiliorum
734 3963 846 4047 optimi
869 3963 1059 4046 interpretes
1076 3959 1226 4024 censendi
1240 3962 1331 4038 suut,
1356 3957 1422 4020 suis

228 4070 332 4136 effetis
361 4073 513 4136 rationem
542 4071 814 4136 subministrantes
836 4069 1034 4135 abstrusiora
1055 4067 1181 4132 illorum
1203 4084 1298 4129 sense
1321 4065 1422 4149 expli-

228 4181 339 4244 cendi:
363 4181 409 4244 ito
433 4202 556 4266 quoque
573 4201 609 4244 er
637 4180 781 4243 doctrino
807 4178 979 4261 primorum
1006 4175 1169 4238 Ecclesiae
1197 4175 1343 4256 Petrum,
1367 4172 1422 4256 qui

226 4290 373 4371 ioannis,
417 4291 505 4354 Pauli
540 4291 734 4372 aliorumque
760 4287 986 4370 Apostolorum
1021 4283 1185 4368 discipuli,
1227 4282 1276 4346 vel
1304 4281 1422 4346 aetatis

227 4401 367 4484 proxime
388 4400 548 4482 sequentis
569 4400 712 4478 fuerunt,
731 4397 805 4480 jure
820 4396 933 4462 merito
959 4395 1127 4460 eruendum
1144 4398 1217 4471 esi,
1242 4392 1317 4476 quid
1334 4394 1421 4474 Apo-

228 4508 319 4588 stoli,
347 4511 488 4592 adeoque
510 4511 585 4592 quid
613 4509 680 4594 ipse
704 4504 964 4574 Solvotordesus
992 4503 1181 4567 credendum
1205 4503 1421 4586 agendumque

228 4624 430 4701 proposuerit
443 4618 484 4706 ¹).
504 4619 596 4684 Unde
624 4641 660 4684 er
684 4623 795 4682 nature
821 4615 869 4682 rei
886 4614 953 4700 jem
979 4633 1069 4678 nemo
1097 4629 1192 4677 sonus
1218 4609 1422 4688 inditionem
