3112 5284
253 435 331 510 290

251 615 289 676 ad
314 619 441 677 eventus
458 615 608 696 temporis
624 613 831 697 praeterlapsi
855 613 885 674 in
902 611 1081 675 memoriam
1098 609 1290 676 revocandos
1309 613 1432 691 iaciunt,

249 727 406 802 morolio,
440 743 517 806 quac
545 724 583 784 ad
607 725 774 804 praccepta
797 727 884 783 recte
911 721 1022 806 agendi
1045 727 1204 804 spectant,
1242 729 1273 783 et
1304 723 1433 805 denique

248 833 456 912 prophetico,
488 850 566 912 quae
591 837 718 894 eventus
746 828 869 893 futuros
899 830 1071 914 designant.
1117 831 1308 913 Prophetica
1337 853 1432 915 porro

248 939 280 1000 in
303 941 495 1021 simpliciter
519 943 725 1022 prophetico,
761 959 840 1020 quac
865 936 1017 1020 ejusmodi
1052 943 1179 1001 eventus
1202 937 1346 1018 tuturos,
1383 940 1433 1024 qui

248 1047 387 1128 proxime
411 1048 449 1110 ad
474 1046 634 1112 Christum
658 1047 788 1131 ejusque
810 1047 921 1110 salutis
938 1046 1150 1109 oeconomiam
1166 1067 1228 1109 non
1244 1045 1431 1128 pertineant,

248 1155 465 1239 praesagiunt,
489 1161 521 1220 ct
538 1157 567 1218 in
583 1159 774 1240 prophetico
787 1176 848 1238 per
872 1156 1096 1232 eminentium,
1121 1173 1199 1235 quae
1215 1155 1254 1216 ad
1271 1155 1432 1219 Christum

248 1262 375 1346 eiusque
403 1283 531 1348 rognum
559 1265 747 1346 respiciunt,
772 1264 996 1328 subdividendo
1020 1282 1089 1327 csse
1112 1263 1299 1326 existimant.
1349 1248 1432 1327 llaec

247 1372 355 1435 ultima
376 1373 516 1458 symbola
536 1374 718 1457 prophetica
741 1392 814 1436 vere
838 1373 876 1436 ad
903 1393 1027 1436 sensum
1043 1372 1226 1456 mysticum,
1250 1377 1347 1456 prout
1365 1379 1432 1436 cam

246 1478 456 1559 delinivimus,
488 1479 609 1564 reliqna
634 1482 819 1546 adsensum
845 1480 1049 1564 symbolicum
1076 1480 1239 1544 referenda
1265 1500 1356 1561 esse,
1396 1492 1433 1544 ax

245 1589 337 1652 dictis
368 1589 459 1654 facilc
490 1589 677 1675 intelligitur
692 1587 734 1674 ¹).
780 1590 816 1653 ld
846 1608 921 1652 vero
955 1590 1056 1652 adbuc
1078 1595 1189 1653 notare
1213 1588 1320 1670 jurat,
1346 1576 1430 1672 quod

244 1697 327 1760 binc
347 1697 419 1761 inde
447 1699 479 1761 in
509 1719 535 1762 s.
567 1697 733 1780 Scriptura
764 1701 796 1760 et
824 1697 856 1759 iu
887 1697 1068 1760 auctoribus
1095 1697 1236 1781 prolenis
1260 1705 1430 1761 occurrant

243 1803 384 1868 actiones
400 1805 576 1891 singulares
594 1803 776 1887 conjunctae
793 1823 861 1868 cum
884 1803 987 1867 verbis
1004 1805 1332 1886 correspondentibus,
1359 1806 1430 1888 qni-

242 1914 300 1976 bus
323 1913 404 1980 idem
432 1932 542 1996 sensus
570 1913 660 1976 simul
688 1914 821 1978 mediate
858 1919 889 1976 ct
916 1913 1091 1976 immediate
1121 1913 1320 1996 exprimitur,
1360 1915 1430 1977 dnm

242 2041 351 2102 nempe
367 2021 540 2104 scriptores
562 2023 677 2105 aliique
704 2023 869 2104 loquentes
894 2029 1013 2104 ponunt
1040 2021 1196 2100 actiones,
1222 2042 1302 2104 quae
1316 2031 1429 2106 suapte

241 2129 346 2192 indole
361 2129 491 2194 idoneae
507 2139 580 2194 suut
596 2131 634 2194 ad
651 2130 807 2216 cogitata,
837 2149 915 2212 quae
934 2129 1092 2192 elocuturi
1107 2135 1196 2206 snut,
1220 2129 1357 2192 vividius
1373 2132 1427 2194 de-

241 2237 404 2300 scribenda
428 2243 459 2300 et
481 2239 591 2302 animis
612 2239 788 2303 auditorum
807 2246 838 2302 ct
862 2244 1074 2322 spectatorum
1090 2239 1195 2302 acrius
1211 2238 1427 2320 imprimenda.
1549 2281 1550 2284 =

239 2343 402 2425 Ejusmodi
422 2347 528 2429 itaque
544 2347 623 2410 locis
640 2353 779 2411 nontam
796 2367 906 2410 sensus
925 2347 1117 2429 symbolicos
1133 2365 1232 2431 purus
1249 2353 1282 2410 et
1299 2349 1428 2432 proprie

238 2452 358 2531 dictus,
383 2471 473 2536 qnam
490 2453 595 2536 potius
611 2454 801 2538 symbolicos
818 2455 935 2518 literali
952 2455 1065 2516 mixtus
1081 2451 1242 2539 subest⁸).

330 2560 407 2623 Cum
423 2583 499 2626 vero
516 2582 625 2626 sensus
650 2564 841 2648 symbolicos
858 2563 984 2646 proprie
1001 2563 1104 2626 dictus
1121 2563 1162 2626 sit
1179 2584 1290 2627 sensus
1307 2565 1425 2627 media·

236 2675 309 2745 tus,
347 2670 453 2734 sensui
475 2671 593 2735 literali
623 2675 825 2756 quorumdam
853 2673 994 2736 locorum
1010 2691 1073 2736 nou
1087 2673 1187 2735 miuus
1204 2693 1294 2756 quam
1315 2674 1423 2756 mysti-

235 2797 290 2840 cos
307 2779 458 2860 peculiari
474 2780 568 2842 divini
584 2782 716 2843 numinis
733 2781 940 2863 dispositione
957 2779 1100 2862 adjectus
1126 2786 1158 2842 et
1173 2786 1422 2862 superstructus,

233 2890 264 2946 ct
281 2892 451 2969 propterca
468 2889 611 2971 exceptio
629 2909 647 2952 a
663 2889 783 2972 regula,
807 2889 836 2948 vi
854 2886 942 2969 cujus
958 2887 1090 2972 singulis
1107 2887 1187 2952 locis
1204 2909 1285 2951 uuus
1301 2895 1423 2951 tantum
1548 2865 1549 2930 3

232 3014 342 3056 sensus
358 2995 488 3058 subesse
500 2998 675 3058 censendus
691 3003 755 3071 est,
788 2996 839 3057 ubi
857 2995 1047 3075 adstruitur,
1073 2995 1172 3059 certis
1193 2995 1320 3059 indiciis
1344 3018 1420 3080 pro·

232 3103 300 3164 bari
316 3103 419 3166 debet.
465 3103 629 3186 lljusmodi
655 3103 769 3165 iudicia
793 3111 882 3166 sunt:

323 3215 351 3275 t.
383 3212 561 3276 Declaratio
579 3213 718 3292 diserta,
743 3233 803 3296 qua
825 3232 877 3274 res
893 3212 942 3275 vel
966 3211 1048 3276 actio
1074 3212 1234 3296 descripta
1255 3210 1423 3298 signitica-

227 3319 292 3382 tiua
308 3323 479 3400 asseritur,
505 3323 577 3384 data
601 3321 638 3382 ab
657 3325 787 3384 auctora
808 3326 861 3382 aut
885 3320 965 3398 alio,
990 3320 1040 3382 cui
1057 3318 1135 3382 fides
1153 3319 1295 3383 babcuda
1312 3329 1364 3383 est
1376 3317 1419 3407 ⁴).

318 3434 350 3494 2.
374 3431 467 3494 Actio
500 3430 544 3491 ita
568 3435 764 3512 comparata,
794 3435 828 3492 ut
853 3428 918 3510 jam
946 3449 1004 3492 sua
1028 3428 1134 3492 indole
1163 3435 1216 3490 aut
1252 3430 1336 3492 datia
1360 3431 1414 3492 ad-

223 3538 344 3620 junctis
360 3537 621 3624 significationem
647 3540 808 3621 quamdam
834 3535 997 3626 innuat⁵).

316 3652 348 3714 3.
372 3649 512 3733 Denique
541 3649 623 3712 actio
654 3649 826 3734 symbolice
855 3649 1036 3732 accipienda
1066 3655 1130 3727 eat,
1167 3650 1194 3712 si
1222 3669 1240 3710 a
1277 3650 1346 3712 Deo
1371 3649 1418 3712 rel

225 3756 360 3836 bomine,
378 3758 430 3840 qui
452 3757 554 3820 divina
569 3757 757 3822 auctoritate
773 3759 899 3842 gaudet,
924 3764 1053 3840 peracta
1075 3765 1128 3820 aut
1146 3758 1290 3821 ordinata
1307 3779 1417 3820 narra-

225 3871 293 3944 tur,
319 3884 397 3948 quae
413 3866 479 3928 sinc
504 3865 650 3928 ulteriori
666 3863 894 3951 significatione
919 3871 1042 3929 careret
1065 3865 1210 3948 prudenti
1227 3866 1362 3930 consilio
1376 3863 1418 3951 ⁸).
1545 3877 1546 3899 ¹

316 3973 403 4037 Nibil
426 3975 542 4054 refert,
570 3975 653 4058 quod
677 3975 810 4038 actionis
834 3972 1024 4060 significatio
1048 3995 1067 4038 a
1089 3974 1325 4059 spectatoribus
1350 3976 1417 4039 fors

224 4085 350 4170 cognita
374 4105 435 4147 non
458 4083 577 4162 luerit,
602 4105 672 4147 cum
688 4105 745 4147 nec
767 4083 868 4146 inians
892 4081 1152 4168 significationem
1168 4083 1417 4147 ceremoniarum

222 4191 451 4276 baptismalium
475 4197 604 4270 noscat,
629 4193 702 4276 quin
726 4192 803 4255 baec
823 4197 993 4274 propterea
1017 4192 1109 4254 desit.

312 4301 413 4366 Minus
438 4307 524 4364 certe
547 4307 650 4364 tamen
683 4323 748 4364 rem
774 4303 934 4383 quamdam
958 4301 1016 4364 Dei
1040 4301 1229 4364 auctoritate
1255 4307 1415 4381 peractam

178 4423 179 4426 ’
223 4433 288 4476 eam
306 4413 404 4476 solum
430 4411 469 4474 ob
494 4431 617 4475 causam
645 4412 846 4494 symbolicam
865 4412 962 4474 statui
986 4430 1079 4494 posse
1103 4411 1309 4490 arbitramur,
1335 4412 1417 4495 quod

222 4541 315 4583 sensu
340 4519 457 4583 literali
480 4519 523 4582 nil
551 4519 616 4582 Deo
643 4520 769 4604 dignum
793 4519 906 4584 reterri
929 4520 1082 4582 videatur.
1129 4519 1207 4598 Quis
1239 4518 1322 4582 euim
1347 4518 1415 4581 ubi-

221 4649 280 4712 que
305 4626 426 4692 deliniri
442 4633 636 4710 praesumat,
667 4627 740 4709 quid
757 4628 824 4691 Deo
842 4627 967 4719 dignum
984 4626 1025 4691 sit
1042 4631 1096 4690 aut
1112 4627 1281 4711 iudignum,
1300 4645 1416 4710 quaere
