3190 5290
1272 375 1322 456 17

223 558 255 630 3.
279 559 379 628 Porro
396 577 507 626 sensus
522 553 673 624 excussus
689 562 742 623 ant
759 555 858 642 ipsius
874 551 1034 622 Ecclesiae
1057 557 1230 625 catholicae
1250 581 1326 624 auc·

130 671 263 735 toritctc
284 671 409 736 decisas
431 675 557 734 nostrae
579 669 741 734 doctrinae
763 668 940 752 praeceptis
963 673 994 732 et
1016 669 1145 752 probari
1160 675 1192 734 et
1207 667 1329 733 lirmari

134 780 269 862 poterit,
287 779 370 862 quod
386 779 492 861 quanti
508 779 549 846 sit
565 779 728 859 momenti,
746 797 834 842 nemo
852 799 913 842 non
930 778 1028 858 videt,
1047 801 1116 841 eram
1134 781 1329 844 acatholico·

134 909 206 991 sarpa
222 890 384 968 doctores,
403 893 436 952 ct
450 894 558 952 nostra
573 888 741 970 praecipue
756 892 861 951 aetate
876 907 1024 950 novorum
1040 909 1143 951 rerum
1160 889 1330 970 cupidissi-

137 999 181 1061 mi
207 998 347 1063 homines
370 1018 426 1062 sua
446 997 562 1080 placita
585 998 776 1084 argumentis
802 1017 838 1060 ex
860 1017 886 1061 s.
905 997 1072 1079 Scriptura
1089 998 1196 1080 petitis
1216 995 1333 1062 contir-

137 1127 224 1200 mare
239 1107 371 1188 soleant,
389 1125 541 1190 secusque
557 1108 727 1172 sentientes
740 1106 859 1174 erroris
869 1107 1050 1171 insimulare
1062 1129 1123 1170 non
1135 1108 1330 1172 erubescent.

141 1225 143 1232 ’
229 1219 262 1285 li.
279 1219 436 1298 Quamvis,
446 1219 500 1300 qni
512 1217 666 1282 excellunt
676 1218 811 1304 ingenio,
823 1218 1012 1300 interpretes
1025 1217 1128 1300 aliquo
1138 1218 1241 1298 modo,
1255 1237 1333 1300 qnae

140 1327 180 1391 ale
196 1315 434 1392 liermcncutica
450 1325 698 1410 praecipiuntur,
722 1347 759 1390 ex
776 1345 810 1390 sc
826 1328 952 1392 haurire
967 1347 1061 1408 posse
1078 1327 1255 1408 videantur,
1277 1325 1334 1390 iir-

139 1438 217 1500 mati
233 1443 337 1502 tomen
352 1442 479 1502 nostrae
495 1435 678 1518 disciplinae
693 1435 816 1522 legibus
830 1437 953 1500 facilius
967 1441 999 1499 et
1012 1437 1134 1500 cantius
1146 1435 1334 1518 procedent,

138 1547 188 1610 iili
199 1567 284 1628 voro,
296 1549 349 1630 qai
361 1547 536 1634 pinguioris
542 1545 698 1610 Minervae
712 1549 887 1626 censentur,
900 1547 927 1609 si
941 1547 1014 1628 quiid
1026 1546 1191 1610 annitente
1203 1547 1334 1610 inresti-

95 1648 97 1654 ’
138 1678 227 1745 gare,
249 1662 303 1722 snt
324 1662 434 1722 contra
450 1655 586 1720 aliorum
600 1660 772 1720 commenta
796 1655 960 1719 defendere
985 1656 1161 1738 coeperint,
1186 1661 1334 1738 qnantum

139 1768 260 1830 erroris
275 1766 442 1832 discrimen
457 1767 570 1849 ubique
594 1766 757 1846 subibant,
780 1765 840 1829 nisi
856 1766 895 1829 ad
918 1765 1100 1848 disciplinae
1123 1766 1334 1831 hermeneuti-

141 1895 199 1940 cae
213 1866 316 1940 lumen
333 1875 442 1940 oculos
459 1875 688 1939 converterint!

232 1986 264 2050 5.
288 1985 394 2064 Qnid‘i
412 1985 496 2068 quod
511 1983 592 2048 ratio
608 1984 833 2068 interpretandi
844 1983 941 2068 justis
958 1984 1076 2071 regulis
1089 1984 1241 2047 obstricta
1253 1984 1336 2047 inter

139 2093 216 2157 illos
242 2094 383 2158 continet
409 2093 541 2172 limites,
567 2097 654 2157 extra
677 2111 756 2176 qnos
780 2094 904 2180 evagari
929 2115 989 2158 non
1013 2093 1123 2173 liceat,
1148 2093 1201 2174 qui
1224 2092 1336 2156 nimiae

138 2202 287 2266 licentiae
302 2201 464 2289 indulgere
480 2202 632 2282 nolucrit,
648 2202 823 2286 interpreti.

232 2313 265 2378 o.
289 2311 416 2374 Damam
433 2311 565 2394 lapidem
589 2309 708 2396 lydium
734 2311 867 2390 exhibet,
892 2311 930 2375 ad
948 2329 1038 2396 quern
1054 2311 1184 2376 aliorum
1211 2312 1335 2395 exposi-

136 2423 244 2486 tiones
259 2421 432 2504 probentur
442 2417 493 2504 a),

170 2569 199 2638 *j
220 2571 359 2632 Perpetem
378 2569 591 2618 iisrmencuticae
610 2570 737 2632 principia
753 2571 896 2634 impugnari
924 2573 1117 2621 consueverunt
1142 2569 1175 2618 ob
1200 2571 1336 2634 interpre-

218 2662 349 2712 tationum
370 2661 575 2722 diversitatem,
596 2675 701 2722 quarum
721 2667 842 2711 auctores
862 2663 952 2712 iisdem
972 2661 1079 2710 ducibus
1099 2663 1135 2709 uti
1154 2662 1284 2712 videntur.
1304 2661 1333 2709 Si

214 2755 285 2801 enias
299 2753 363 2801 neec
381 2753 521 2802 diversitas
545 2753 629 2800 oritur
656 2765 689 2800 ss
713 2755 892 2816 interpretum
918 2757 1013 2818 culpo,
1041 2755 1086 2814 qui
1109 2753 1234 2813 principis
1254 2752 1336 2800 minus

215 2849 288 2894 resse
306 2845 445 2904 applicant,
460 2845 596 2904 discipline
613 2847 664 2894 ists
682 2845 751 2892 haud
767 2844 859 2904 mojori
873 2845 935 2905 jure
954 2847 1101 2906 accusatur,
1118 2855 1194 2905 quem
1220 2845 1337 2892 docmina

215 2949 314 2984 snorum
334 2936 366 2982 ob
387 2938 468 2996 leges,
488 2949 551 2998 quse
569 2937 636 2984 haud
655 2938 738 2996 pansi,
757 2937 818 2984 iicet
836 2937 956 2998 optimas,
975 2936 1209 2996 transgrediuntur.
1230 2934 1259 2982 Si
1274 2947 1337 2986 vero
1435 2952 1437 2958 ·

217 3027 323 3076 indoles
338 3039 361 3074 s.
382 3027 544 3092 scripturae
557 3029 600 3076 val
617 3025 811 3098 insufficientis
830 3026 1027 3084 subsidiorum,
1046 3037 1110 3088 quac
1130 3025 1162 3074 ab
1177 3027 1336 3076 Hermencn·

216 3121 268 3166 tica
286 3130 333 3178 pro
352 3119 436 3166 solitis
455 3119 616 3180 expositione
631 3122 765 3180 petuntur,
782 3119 940 3167 diversitatis
959 3118 1033 3179 hujus
1053 3130 1132 3166 causa
1148 3119 1242 3175 existit,
1256 3131 1336 3178 prae-

220 3212 354 3270 ceptorum
379 3211 455 3270 cnlps
473 3221 524 3258 non
549 3209 612 3272 erit,
632 3209 757 3257 muniisse
778 3208 860 3270 viem,
881 3222 931 3271 qus
944 3209 1045 3256 tandem
1063 3210 1095 3256 ad
1113 3203 1289 3258 certitudinem
1307 3223 1337 3258 ac

217 3301 351 3348 raritatem
371 3301 502 3348 ducamur.
543 3301 640 3360 Quodsi
660 3297 771 3348 difficilis
791 3305 817 3350 ct
835 3301 914 3346 ardua
932 3300 1061 3348 nonnullis
1085 3302 1110 3347 in
1136 3300 1200 3348 locis
1219 3313 1279 3349 esse
1298 3301 1337 3347 ri-

216 3391 326 3451 deatur,
355 3392 413 3450 qnia
438 3393 497 3443 daci
523 3391 696 3452 imputandum
724 3391 895 3448 existimabit,
923 3394 990 3452 quoi
1018 3391 1087 3439 iilsrn
1113 3393 1239 3440 munierit
1253 3397 1280 3442 et
1298 3393 1338 3440 sie

218 3482 475 3542 circumspectionem
497 3482 697 3546 commendarit,
724 3482 769 3531 nbi
796 3483 829 3532 ds
847 3483 1003 3534 certitudine
1022 3493 1116 3532 sensns
1134 3485 1234 3546 sm'tur,
1264 3485 1338 3532 dum·

217 3573 293 3622 modo
311 3573 362 3620 aiis
379 3573 446 3622 ratio
464 3573 497 3620 ad
515 3577 678 3636 propositum
704 3573 779 3622 tinem
800 3573 919 3624 securius
939 3575 1104 3636 perveniendi
1127 3575 1188 3644 iniri
1206 3576 1336 3637 sequestr

273 3665 311 3716 lie
319 3663 427 3718 utilitate
437 3664 648 3718 iicrnsensuticsc
663 3665 734 3724 coni.
748 3665 795 3730 Dr.
806 3667 898 3740 erigi
906 3679 947 3725 er,
958 3667 1027 3717 Oret.
1036 3667 1156 3719 Academ.
1168 3667 1240 3732 vien.
1255 3667 1335 3718 1809.

351 3827 378 3896 s.
392 3822 421 3884 ii
435 3823 568 3888 ineman
581 3825 616 3886 ie
628 3825 744 3887 iistoua
756 3825 973 3888 ii'ermansnticac
988 3823 1121 3888 iteruin.

236 3959 359 4038 Quanto
377 3956 564 4022 detrimento
581 3955 634 4038 sit,
662 3955 846 4020 destitutum
863 3975 933 4021 csse
950 3955 1068 4044 regulis
1083 3957 1334 4044 hermeneuticis,

143 4066 266 4152 primas
281 4065 474 4132 intellexisse
489 4065 614 4130 ridetur
629 4065 754 4132 soeculo
771 4065 824 4130 iv.
844 4065 1031 4151 wodenius
1052 4066 1228 4148 Donatista,
1246 4067 1334 4154 cujus

142 4181 267 4261 septem
282 4176 406 4264 regulas
423 4175 650 4261 interpretandi
671 4195 698 4240 s.
722 4175 932 4263 Aspustirtses
957 4176 989 4240 in
1015 4173 1104 4241 libris
1126 4175 1164 4240 de
1189 4177 1333 4244 doctrina

143 4285 319 4352 christiana
333 4285 503 4371 recensuit,
525 4283 710 4373 quibusque,
733 4285 919 4370 praesertim
940 4285 1021 4350 libro
1040 4283 1094 4354 iii.
1120 4291 1150 4350 ct
1173 4285 1250 4351 alies
1275 4290 1330 4351 ad-

140 4394 242 4480 jecit3
266 4413 357 4482 quam
374 4396 413 4463 ob
429 4415 495 4462 rem
511 4413 624 4480 parcns
640 4395 898 4462 Hermencuticoc
913 4393 1046 4461 biblicae
1061 4394 1204 4461 habetur.
1233 4397 1329 4459 Hisce

142 4505 266 4592 regulis
294 4506 418 4572 saeculo
446 4505 500 4573 Vl.
530 4507 707 4574 Adrianus
739 4506 770 4569 in
810 4505 941 4590 isagoge
965 4523 1010 4588 ss.
1037 4502 1216 4585 literarum,
1249 4508 1337 4570 Cos·¹

140 4617 309 4687 sicaniae·
320 4616 358 4681 in
366 4615 565 4689 institutione
582 4618 622 4686 ad
636 4613 755 4684 divinas
770 4614 939 4695 lectiones,
966 4613 997 4678 in
1015 4633 1074 4698 qua
1090 4611 1250 4717 monachis
1267 4610 1331 4677 sois
1354 4615 1358 4622 '

180 4746 271 4798 Herm.
289 4746 390 4800 biblica.
409 4749 431 4798 i.
1097 4743 1115 4798 s
