3092 5286
254 463 333 538 21⁰

253 658 334 724 quae
356 641 387 704 in
403 637 527 727 exegesi
550 639 787 724 perlustrandae
811 639 946 704 veniunt.
976 637 1056 704 ilinc
1073 644 1169 720 certe,
1187 639 1215 704 ai
1231 659 1367 726 unquam
1383 638 1429 706 cir

257 751 491 832 cumspectione
521 767 599 834 epus
630 753 698 828 est,
728 748 759 810 in
784 747 949 812 statuendo
973 748 1105 812 oonsilio
1133 749 1249 834 integri
1276 753 1443 835 praecipue

255 859 328 922 libri
351 862 405 924 ant
425 857 577 942 majoram
595 855 663 939 ejus
679 855 815 940 partium
832 876 869 919 ec
888 857 1059 920 cautiorem
1078 875 1147 922 esse
1170 859 1333 940 oportebit
1348 859 1443 924 iuter-

253 971 393 1052 pretem,
418 988 480 1052 qno
497 965 596 1053 ωαςίε
612 965 768 1043 rationes,
794 965 833 1028 ob
850 985 926 1050 quas
943 965 1028 1029 Deus
1044 966 1121 1029 baec
1138 971 1169 1030 et
1192 987 1253 1028 non
1271 965 1334 1030 alia
1349 967 1443 1030 scribi

250 1075 405 1159 voluerit,
428 1097 488 1160 pro
503 1079 696 1160 temperem,
719 1074 878 1156 locorum,
904 1073 1154 1140 Christianorum
1176 1073 1226 1137 vel
1241 1074 1442 1139 adversario·

251 1171 320 1248 rum
337 1183 519 1249 diremitnte
536 1183 679 1248 diversae
695 1201 766 1246 esse
781 1181 951 1265 potuerint.
976 1182 1054 1246 Cum
1071 1183 1149 1246 baec
1165 1181 1269 1246 omnia
1283 1184 1358 1248 binc
1372 1184 1441 1248 inde

252 1293 342 1356 nobis
369 1313 476 1378 parum
504 1291 630 1377 cognita
657 1291 736 1372 sint,
772 1291 865 1354 etiam
893 1292 932 1354 de
958 1309 1055 1376 scopo
1088 1289 1234 1375 speciali,
1271 1291 1327 1375 qni
1354 1291 1439 1356 bisce

248 1401 507 1480 circumstantiis,
532 1406 564 1466 et
587 1399 727 1484 inprimis
744 1399 904 1464 occasioni
921 1401 1192 1478 accommodatur,
1216 1400 1343 1464 nonnisi
1359 1401 1436 1464 divi-

247 1510 348 1572 nando
364 1509 452 1594 loqui
466 1529 643 1594 possumus.

569 1703 603 1760 ll.
628 1703 677 1760 bl:
697 1703 867 1760 CONSILIO
888 1701 1115 1760 ADHIBENDO.

449 1835 477 1904 s.
492 1829 547 1892 lta
563 1831 635 1894 duaa
650 1829 701 1890 bas
716 1833 746 1890 la
760 1845 793 1890 re
809 1833 962 1904 permadui
978 1829 1146 1891 obicem
1161 1831 1235 1891 alntl

335 1962 427 2028 Sient
451 1983 469 2026 a
492 1961 644 2048 singulis,
668 1959 780 2044 quibus
811 1958 892 2023 liber
913 1965 967 2022 ant
990 1980 1064 2044 para
1085 1959 1160 2026 libri
1181 1965 1329 2042 constet,
1351 1962 1436 2048 trag-

209 2085 215 2096 ·
245 2070 374 2150 mentis,
398 2070 496 2134 idest
513 2089 531 2132 e
546 2068 677 2133 materia
693 2069 853 2132 substrata
869 2067 906 2130 ad
923 2068 1117 2152 generalem,
1142 2089 1233 2152 quam
1256 2065 1436 2146 conficiunt,

244 2179 402 2243 notionem
427 2179 597 2242 ascendere
618 2177 715 2257 lieet,
738 2176 785 2242 ita
805 2177 844 2240 ab
860 2177 917 2240 hac
939 2177 1067 2241 notione
1083 2177 1208 2242 aliunde
1223 2182 1298 2242 nota
1316 2181 1356 2244 ad
1373 2178 1436 2242 aia-

242 2287 352 2374 gulas,
377 2287 489 2370 quibua
511 2290 651 2362 constat,
675 2285 821 2348 notiones
837 2286 1028 2349 descendere
1051 2305 1234 2369 possumus,
1258 2287 1324 2352 ime
1339 2289 1435 2352 ‹lebe-

242 2415 327 2475 mus‚
357 2394 385 2458 si
413 2393 553 2458 auctoris
580 2399 712 2457 mentem
752 2397 899 2456 accurate
932 2414 1065 2457 noscere
1099 2395 1228 2458 velimus
1258 2390 1310 2477 (3.
1340 2397 1434 2482 128).

241 2504 382 2587 Cumque
398 2500 537 2587 singulas
559 2505 666 2584 partes
682 2505 794 2566 auctor
810 2501 955 2566 adhibeat
979 2501 1174 2566 solummodo
1191 2503 1230 2566 ad
1244 2505 1432 2590 generalem,

242 2631 332 2697 quam
347 2609 436 2694 priua
453 2609 615 2693 concepit,
640 2610 798 2674 notionem
814 2612 1123 2694 repraesentandam,
1139 2609 1326 2698 gravissima
1343 2634 1381 2677 ex
1396 2634 1432 2678 eo

241 2719 352 2804 regula
368 2718 597 2802 interpretandi
611 2718 733 2802 prodit:
750 2721 885 2801 stapulo
901 2723 948 2783 ito
964 2722 1314 2802 interpretandaeeee,
1331 2729 1433 2804 prout

239 2831 357 2894 relatio
369 2830 415 2894 od
428 2829 636 2910 pomeretam,
652 2845 753 2909 paam
768 2829 961 2914 conficiant,
977 2832 1141 2892 amionem
1156 2832 1307 2910 requirit.
1334 2829 1430 2911 Cujus

236 2937 365 3024 regulae
388 2955 477 3002 usum
507 2935 687 3020 priusquam
715 2935 816 2999 insius
850 2936 1070 3018 ostendamus,
1103 2937 1233 3000 monitio
1259 2937 1321 3000 alia
1350 2938 1428 3002 baud

241 3046 343 3133 exigui
360 3043 508 3110 momenti
522 3043 750 3127 praemittenda
766 3047 825 3106 est.

326 3155 418 3218 Sicut
434 3153 515 3218 enim
531 3152 723 3216 architectus
740 3151 905 3236 primariae
921 3152 1042 3232 domus,
1059 3173 1149 3238 quam
1167 3153 1311 3236 exstruit,
1321 3160 1426 3239 partes

235 3263 414 3330 necessario
436 3261 543 3347 ponit,
569 3259 642 3345 quia
664 3261 788 3324 domum
811 3260 888 3324 aliea
915 3281 978 3325 non
994 3258 1174 3348 effingeret,
1198 3262 1301 3326 torma
1319 3269 1427 3327 contra

235 3371 466 3446 cubiculorum,
491 3369 655 3447 utensilia,
680 3368 818 3452 aliaque,
844 3389 923 3452 quae
944 3366 1000 3432 lini
1025 3375 1057 3432 et
1078 3370 1199 3434 notioni
1229 3371 1342 3434 domus
1366 3392 1425 3434 non

234 3484 408 3567 repugnant
424 3485 477 3543 ant
493 3501 555 3544 nou
570 3478 662 3543 unice
678 3477 881 3556 conveniunt,
905 3476 1034 3560 majoris
1055 3484 1110 3542 ant
1125 3479 1255 3543 minoris
1277 3480 1425 3544 momenti

233 3593 326 3667 sunta
353 3589 397 3652 ita
411 3587 503 3654 etiam
524 3587 555 3650 in
569 3587 721 3650 exarando
732 3585 816 3650 libro
833 3585 923 3670 plura
934 3587 973 3650 ab
988 3586 1128 3650 auctoris
1145 3588 1273 3650 notione
1287 3585 1425 3674 generali

233 3695 344 3758 abesse
370 3713 501 3777 prorsus
530 3698 704 3776 nequeunt,
737 3697 942 3756 cumcontra
968 3693 1030 3756 alia
1055 3693 1104 3758 vel
1128 3694 1254 3772 abesse,
1292 3695 1343 3758 vel
1370 3695 1424 3755 bac

230 3801 331 3868 aliave
351 3803 474 3866 ratione
490 3820 578 3880 esse,
602 3801 664 3864 imo
682 3807 714 3866 et
736 3800 807 3866 aliis
824 3800 965 3886 suppleri
985 3802 1116 3885 possint.
1148 3801 1237 3866 Unde
1255 3803 1350 3866 etiam
1367 3803 1424 3865 boc

232 3910 304 3974 loco
332 3911 512 3996 generales,
545 3931 625 3993 quos
649 3909 723 3972 alibi
744 3905 795 3994 (ς.
821 3908 894 3994 14.)
916 3910 1094 3994 posuimus,
1125 3931 1260 3974 canones
1284 3912 1423 3989 redeunt,

232 4019 277 4084 ita
293 4025 342 4084 ·ut
371 4019 481 4104 regula
517 4019 635 4083 valeat:
676 4019 931 4101 Interpretatio,
962 4038 1050 4100 quae
1084 4021 1226 4084 consilio
1261 4022 1422 4104 loqueretis

231 4138 414 4212 repugnet,
429 4130 524 4212 salsa
539 4137 602 4194 eet.
626 4127 765 4190 Positiue
782 4148 842 4189 non
861 4126 940 4189 adeo
957 4123 1047 4190 lirma
1063 4134 1111 4190 cst
1128 4128 1332 4206 consecutio,
1355 4149 1420 4190 cum

230 4236 302 4302 lieri
323 4238 443 4322 possit,
468 4241 502 4300 ut
528 4237 635 4320 plures
659 4235 937 4318 interpretationes
963 4235 1094 4300 consilio
1118 4237 1273 4299 orationis
1289 4258 1420 4321 respon-

231 4348 334 4412 deant.
359 4348 463 4424 Quare
486 4351 605 4408 tanturn
627 4341 782 4407 affirmare
805 4343 895 4422 licet,
920 4344 1228 4427 interpretationem,
1252 4365 1334 4430 quae
1356 4345 1419 4410 sole

234 4455 387 4524 orationis
405 4454 537 4518 consilio
556 4453 717 4540 congruit,
741 4453 906 4539 genuinam
931 4472 1002 4518 esse
1016 4450 1069 4539 t),

254 4582 283 4650 ⁰)
304 4586 356 4641 sic,
377 4590 405 4633 ut
422 4587 487 4634 banc
505 4599 559 4634 rem
575 4585 691 4646 exemplo
706 4585 876 4645 illustremus,
897 4585 958 4633 licat
969 4585 1048 4646 llagg.
1064 4585 1096 4646 ll,
1118 4587 1195 4632 1-s.
1208 4585 1344 4634 oanailtera
1355 4587 1415 4632 Pre-

303 4681 396 4739 pbstaa
411 4681 519 4728 sectatu
535 4692 566 4728 so
580 4683 701 4738 ponatur,
711 4682 826 4728 ntaenea
843 4678 875 4726 ob
891 4679 975 4728 minna
990 4677 1153 4740 unaldum
1167 4680 1262 4740 templi
1278 4678 1414 4729 aedificiu-
