3120 5294
1267 476 1321 552 77

193 663 341 722 cognitione
360 662 401 708 nst
420 660 655 718 deprehenduntnr.
677 659 715 720 (ς.
733 660 776 706 att.
797 662 859 706 ncta
879 660 919 720 2.)
949 658 1012 706 inde
1033 672 1049 704 a
1070 656 1178 705 sacculo
1197 657 1228 704 x.
1247 657 1319 704 Neo·

192 753 352 801 hebraismus
377 764 393 798 a
417 750 564 797 doctoribus
591 750 702 811 judaicis
730 750 757 796 ln
785 751 853 796 omui
880 762 977 810 genere
1004 750 1098 796 artium
1133 749 1319 808 literarumque

196 841 261 890 adeo
284 843 463 901 frequentatus
491 843 546 898 cst,
575 843 604 886 nt
625 852 684 888 eum
703 839 729 886 ln
748 851 795 888 sex
811 842 912 887 classes
941 841 1136 900 dispescsrent,
1165 839 1266 886 scillcet
1294 837 1320 884 ln

194 932 421 980 Nachebralsmum
447 930 635 989 rabbiaicum,
662 930 868 994 philoloptcum,
897 927 1125 994 philosophicum,
1154 928 1320 988 oratorium,

193 1023 329 1087 poeticum
348 1027 375 1068 et
392 1021 552 1070 imitantem.
572 1020 649 1068 Geni.
669 1023 702 1068 D.
722 1023 870 1068 busseto
889 1023 908 1068 l.
927 1033 951 1068 c.
971 1035 996 1081 p.
1018 1021 1068 1068 1⁰³
1089 1033 1147 1080 sqq.

148 1105 177 1180 ι)
198 1115 273 1161 'iales
292 1115 431 1173 praecipue
450 1114 557 1160 inerunt
573 1111 638 1158 Alb.
656 1111 911 1173 Schultcnslus,
938 1113 1042 1158 scholae
1071 1111 1188 1171 belgicae
1216 1113 1320 1170 auctor,

1 1164 8 1199 l
196 1203 285 1264 etqui
302 1201 358 1262 ejus
377 1202 489 1261 vestigia
510 1202 612 1260 sequuti
628 1205 698 1248 snut.
721 1201 796 1248 conl.
816 1201 842 1262 3.
861 1203 906 1250 3³.
925 1207 987 1248 ncta
1005 1198 1032 1248 2.

340 1378 367 1445 t.
383 1376 423 1436 47.
440 1375 476 1435 be
492 1389 544 1434 nsn
560 1376 716 1435 couadonls
731 1375 911 1436 ddcacrun
927 1377 1087 1448 generatim

217 1526 326 1606 ltaque
343 1546 436 1608 quum
461 1545 509 1604 en,
533 1543 624 1608 quem
647 1526 864 1608 exposuimus,
890 1525 983 1588 modo
1006 1523 1133 1587 dialecti
1152 1522 1324 1587 Semitismi

125 1639 277 1719 cognatae
294 1635 417 1696 ratione
435 1633 565 1720 originis
582 1638 613 1696 et
629 1633 865 1719 propagationis
885 1635 925 1696 ad
941 1634 1118 1696 hebraicam
1135 1633 1323 1709 reserantur,

124 1762 243 1824 ponere
260 1741 346 1820 lieet,
363 1739 434 1806 illas
450 1742 583 1825 plurima
605 1741 785 1820 recludere,
804 1743 916 1824 quibus
941 1741 1078 1804 studium
1103 1739 1323 1806 hebraicorum

2 1859 6 1886 ¹
120 1849 232 1932 juvare
250 1851 382 1932 possint.
399 1850 458 1912 Ast
476 1851 616 1934 quamvis
632 1870 684 1914 res
701 1850 746 1914 ita
761 1871 797 1914 se
813 1851 944 1929 habeat,
963 1855 994 1914 et
1021 1849 1148 1912 dialecti
1171 1853 1324 1932 cognatae

127 1979 198 2020 enm
213 1957 360 2020 hebraica
373 1977 485 2039 reapse
502 1959 547 2020 ita
563 1963 774 2043 congruentes
790 1958 1000 2042 reperiantur,
1016 1962 1052 2020 ut
1068 1957 1100 2019 in
1116 1956 1234 2035 multis,
1253 1974 1323 2018 eas-

126 2067 197 2130 dem
216 2087 348 2150 prorsus
363 2087 458 2130 ncces
476 2068 657 2146 exhibeant,
675 2072 707 2130 et
723 2068 754 2130 in
779 2068 850 2131 aliis
867 2067 991 2131 nonnisi
1012 2067 1143 2152 analoga
1167 2069 1324 2128 certarum

125 2173 289 2237 literarum
312 2175 541 2258 permutatione
558 2176 747 2260 discrepent,
765 2176 966 2240 nihilominus
983 2175 1022 2240 ad
1038 2195 1128 2238 usum
1144 2173 1325 2237 hebraicum

125 2282 342 2346 inveniendum
367 2303 404 2346 ac
421 2284 671 2348 constituendum
688 2285 860 2348 subsidium
876 2283 977 2346 minus
990 2281 1100 2346 efficax
1112 2280 1323 2364 suppeditant,

132 2391 206 2472 qnia
223 2391 322 2454 cnivis
339 2411 444 2454 earnm
460 2392 608 2476 proprius
625 2397 673 2454 est
690 2396 784 2474 atque
801 2396 948 2455 constans
965 2394 997 2454 et
1013 2411 1070 2474 pcr
1092 2409 1126 2453 sc
1148 2388 1324 2452 subsistens

128 2498 279 2580 loquendi
295 2520 382 2579 usus,
399 2501 444 2562 ita
460 2505 494 2562 nt
517 2501 678 2564 rarissime
701 2523 770 2564 eum
791 2501 939 2564 hebraica
959 2504 1106 2563 accurate
1131 2497 1327 2576 conveniant,

129 2606 314 2691 plerumque
335 2608 430 2670 variis
446 2608 680 2688 mutationibus,
697 2608 745 2672 uti
758 2609 889 2672 vocibus
905 2607 955 2671 vel
970 2605 1252 2693 significationibus
1268 2625 1327 2666 nc-

129 2715 222 2795 vatis,
239 2720 293 2778 aut
312 2715 387 2800 plus
403 2717 542 2780 minusve
559 2719 666 2782 subtili
687 2718 808 2782 formae
833 2717 884 2782 vel
910 2717 1079 2802 potcstatis
1094 2713 1261 2778 inflexione
1276 2733 1329 2776 re-

131 2825 280 2887 cedentes
293 2812 334 2908 ¹).
349 2823 403 2886 Sic
416 2825 577 2904 aramaica,
587 2831 745 2888 caeterum
754 2825 919 2888 hebraicae
927 2823 1143 2908 propinquior,
1153 2845 1215 2886 neu
1226 2820 1328 2884 solnm

129 2953 189 3018 pro
206 2933 310 2996 nativa
322 2931 436 3012 iudcle,
457 2934 489 2996 iu
502 2940 647 3016 quantum
656 2935 732 2998 haec
749 2957 785 2998 cx
801 2936 940 3018 scriptis,
953 2955 1031 3016 quae
1044 2936 1223 3017 supersunt,
1237 2931 1328 2993 inno·
1395 2964 1397 2968 ν

129 3043 238 3121 tescit,
256 3041 388 3126 plurima
404 3045 492 3126 priva
506 3045 556 3107 vel
572 3044 683 3108 saltem
710 3045 865 3128 peculiari
891 3045 983 3107 modo
1012 3043 1239 3119 determinata,
1268 3039 1325 3101 sed

131 3149 226 3214 etiam
243 3171 301 3232 prc
318 3150 500 3214 diversitate
516 3152 629 3216 aetatis
644 3151 735 3234 plura
750 3152 799 3215 vel
815 3151 965 3234 pauciora
980 3151 1118 3228 exotica,
1146 3154 1177 3212 et
1205 3145 1329 3230 quidem

130 3257 313 3321 nominatim
340 3256 371 3320 in
400 3259 541 3342 Syriacis
566 3259 663 3322 multa
690 3259 861 3322 christiana
888 3258 1022 3321 admixta
1052 3258 1156 3320 habet.
1191 3253 1328 3320 Arabica

130 3385 219 3446 uero,
234 3365 312 3429 licet
330 3363 484 3430 ditissima
500 3389 557 3430 sna
572 3388 683 3430 vocum
699 3388 736 3430 ac
751 3367 922 3432 formarum
949 3363 1139 3448 supellectili
1158 3363 1191 3426 iu
1207 3361 1330 3426 uberri-

131 3475 192 3538 mis
207 3474 330 3537 fontibu
375 3474 519 3557 deposita
539 3477 621 3540 band
649 3477 741 3540 dubie
769 3475 903 3558 plurima
929 3476 1094 3536 conservet
1117 3491 1154 3534 ex
1177 3469 1332 3534 communi

132 3577 255 3667 origine
278 3583 438 3664 derivata3
456 3583 528 3665 quia
543 3590 656 3664 tamen,
684 3585 716 3647 in
742 3591 890 3666 qnantum
916 3583 948 3645 in
969 3580 1174 3644 monumentis
1201 3577 1330 3662 scriptis

132 3695 295 3774 superstes
316 3691 475 3754 invenitur
490 3693 601 3756 aetatis
622 3693 769 3756 hebraica
794 3691 887 3776 longe
915 3689 1119 3768 recentioris,
1146 3688 1248 3752 icrma
1276 3705 1330 3748 ex·

132 3804 225 3863 terna
242 3799 372 3862 multum
388 3799 503 3884 dispar,
521 3805 553 3863 et
568 3801 673 3864 indole
688 3801 811 3864 interna
827 3798 1041 3862 diversissima
1053 3802 1113 3876 est,
1125 3797 1247 3859 ratione
1261 3815 1331 3857 ccr-

131 3907 278 3972 titndinis
293 3909 393 3970 adhuc
408 3911 625 3992 postponenda
641 3911 702 3973 erit
719 3909 900 3972 aramaicae.
917 3908 989 3971 Non
1005 3907 1107 3969 minus
1124 3905 1257 3984 deniqne
1269 3903 1331 3964 lin-

131 4035 196 4102 gna
214 4017 430 4095 neohcbraica,
448 4022 558 4100 utpute
571 4017 690 4100 antiqui
701 4017 878 4080 Hebraismi
890 4013 1086 4100 propagatio,
1100 4019 1187 4076 certe
1199 4011 1333 4094 plurima

133 4145 173 4188 ex
188 4125 252 4187 hcc
268 4123 411 4188 detracta
425 4126 593 4189 retinuisse
609 4127 750 4206 videtnr3
766 4125 985 4208 qniavercper
1000 4123 1164 4184 decursum
1180 4117 1334 4202 temporis

131 4231 353 4294 Rabbinismns
375 4232 404 4295 ei
418 4233 543 4314 penitus
559 4231 685 4312 insedit,
702 4233 747 4296 ita
763 4233 886 4298 ineerta
901 4237 959 4312 est,
977 4236 1011 4294 nt
1024 4227 1091 4310 ejus
1105 4227 1233 4292 collatio
1246 4226 1332 4310 peri-

132 4340 208 4406 culo
224 4361 287 4402 uon
305 4336 463 4430 carcat²).

161 4501 187 4565 ¹)
209 4507 377 4566 Quantopere
395 4508 498 4566 linguae
517 4510 661 4567 cognatae,
681 4503 828 4552 nominatim
848 4505 997 4565 semiticae,
1017 4507 1075 4551 utut
1089 4507 1217 4549 caeterum
1236 4511 1331 4545 couve-

209 4597 323 4667 nientes,
343 4599 486 4656 generalim
504 4598 668 4658 abinvicem,
686 4598 712 4642 in
724 4596 812 4655 specie
831 4599 950 4644 caeterae
961 4595 1099 4642 Semitismi
1114 4593 1218 4639 dialecti
1237 4590 1268 4636 ab
1285 4590 1332 4634 he-

206 4686 297 4734 braica
315 4687 462 4749 discedant,
483 4689 510 4734 in
528 4688 619 4736 iisdem
638 4687 702 4736 adeo
722 4685 828 4732 vocibus
846 4683 1075 4746 significationibus
1091 4679 1190 4728 novatis
1207 4679 1248 4724 vel
1267 4689 1332 4735 pau·
