3190 5290
265 321 316 400 ll

265 508 398 566 aetatem
415 521 556 579 auream3
574 499 751 582 posteriora
768 519 852 579 vero,
869 519 1001 582 quornm
1017 499 1120 562 oratio
1137 498 1283 562 bumilinr
1299 504 1330 562 et
1347 499 1449 561 minus

265 611 418 675 concinna
434 609 605 690 iuvenitur,
620 613 662 669 et
677 607 792 692 lingua,
810 607 870 670 uisi
886 627 983 690 opera
1003 607 1179 691 antiquiora
1196 606 1344 683 imitatur,
1361 607 1451 690 puri-

264 725 330 796 tate
347 719 465 802 prioris
486 717 601 780 aetatis
622 717 766 802 neglecta
789 715 886 780 multa
908 715 1075 802 peregriua
1098 720 1130 779 et
1153 715 1321 778 deterioris
1344 723 1450 794 notae,

264 827 450 911 praesertim
466 826 619 889 aramaica
635 830 667 890 et
682 824 898 902 neobcbraica,
923 824 1057 888 admixta
1074 824 1178 902 babet,
1195 824 1232 888 ad
1248 830 1381 888 aetatem
1398 843 1451 886 ar·

265 942 409 1020 gentcam
433 935 620 998 reserantur.
644 933 723 996 Dein
739 952 836 1014 opera
852 931 976 1014 poetica
999 931 1123 996 ratione
1149 935 1215 996 tum
1237 930 1361 996 lexicali
1383 937 1452 994 tum

265 1042 492 1128 grammaticali
514 1041 679 1125 plurimum
703 1042 741 1104 ab
766 1039 913 1123 operibus
937 1059 1080 1103 sermone
1104 1039 1244 1122 pedestri
1262 1037 1453 1121 conscriptis

268 1150 424 1214 differunt.
449 1150 587 1232 Denique
603 1149 674 1232 ipsi,
692 1153 844 1234 quotquot
862 1153 934 1212 sunt
950 1153 1107 1226 auctores,
1125 1147 1204 1210 alius
1221 1147 1259 1210 ab
1275 1147 1336 1209 alio
1353 1147 1454 1209 mani-

265 1261 349 1324 festo
374 1256 598 1345 disceduntli).
645 1263 844 1340 Quapropter
869 1264 903 1322 nt
926 1257 1051 1344 linguas
1074 1256 1237 1320 hebraicae
1259 1255 1380 1318 indoles
1405 1274 1454 1332 ea,

268 1388 358 1451 qnam
374 1389 399 1432 s.
415 1367 580 1449 Scriptura
598 1365 732 1445 exbibet,
748 1366 925 1430 accuratius
942 1365 1164 1448 conspiciatur,
1180 1385 1241 1428 non
1257 1383 1276 1426 a
1296 1385 1331 1428 re
1343 1369 1456 1426 nostra

269 1497 338 1540 esse
356 1476 573 1552 existimamus,
591 1475 618 1537 si
644 1474 750 1556 paucis
766 1474 978 1538 describamus

377 1583 400 1644 l.
425 1582 636 1666 proprietates
652 1581 743 1664 hujus
759 1581 884 1666 linguae
900 1601 1088 1660 communes,
1113 1586 1145 1644 ot
1161 1581 1284 1664 quidem

420 1693 462 1773 a)
480 1697 632 1772 quatenus
648 1691 752 1753 nativa
767 1710 825 1753 sua
842 1689 1021 1754 conditione
1037 1690 1075 1753 ab
1092 1689 1163 1753 aliis
1180 1689 1380 1766 discernitur,

416 1801 455 1883 b)
468 1798 954 1884 quatennsclementapercgrina
970 1819 1006 1862 ac
1020 1799 1198 1862 recentiora
1214 1798 1459 1882 complectitnr3

357 1909 397 1974 ll.
426 1909 639 1990 proprietates
657 1927 785 1991 opernm
803 1907 1010 1991 poeticorum,
1029 1912 1061 1970 et

354 2018 405 2080 lll.
430 2017 639 2101 proprietates
657 2015 851 2102 singulorum
867 2016 1069 2100 quorumdam
1085 2015 1285 2098 scriptorum.

306 2174 332 2234 ’l
352 2174 427 2221 Geni.
449 2172 625 2220 Gerenius
644 2173 663 2218 l.
684 2185 707 2218 c.
728 2185 754 2232 p.
775 2173 807 2218 21
829 2184 885 2231 seq.
907 2172 1131 2220 llusvcrnlsk
1149 2173 1167 2219 Ι.
1188 2183 1212 2218 e.
1233 2187 1258 2233 p.
1281 2173 1385 2232 liseq.

393 2329 421 2398 s.
439 2325 481 2384 29.
506 2325 525 2384 1.
542 2324 728 2398 Propmctates
744 2324 853 2397 bunnae
869 2325 1010 2384 bobrmoao
1026 2338 1179 2384 communes
1195 2327 1224 2384 et
1241 2325 1347 2400 quidem

487 2438 516 2501 a)
544 2436 684 2506 quotenus
703 2433 804 2487 nodva
823 2431 978 2488 conditione
997 2433 1032 2488 ob
1052 2435 1118 2489 aliis
1136 2431 1242 2504 differt.
1264 2499 1266 2508 ‚

361 2544 574 2626 Proprietates
598 2541 774 2605 llebraismi
796 2543 904 2605 biblici
926 2545 1100 2628 generatim
1126 2547 1248 2630 accepti
1271 2547 1459 2630 primitivae,

271 2675 347 2740 quas
360 2653 473 2736 partim
490 2673 558 2714 cum
572 2651 692 2731 reliqna
707 2651 806 2732 stirpe
822 2653 965 2715 semitica
981 2675 1171 2735 communes,
1186 2655 1299 2739 partim
1315 2656 1375 2719 sibi
1391 2656 1459 2739 pri-

270 2785 334 2842 vas,
352 2762 402 2826 vel
419 2767 505 2824 corte
521 2761 619 2845 magis
636 2759 804 2822 familiares
827 2761 931 2839 babet,
948 2764 1149 2844 sequentibus
1166 2763 1362 2846 potissimum
1379 2787 1459 2828 con-

270 2875 404 2936 sistunt:

361 2978 548 3042 semitarum
562 2997 648 3040 more
659 2976 791 3061 primum
804 2977 925 3040 ratione
938 2977 1062 3042 lexicali
1078 2980 1200 3044 radices
1212 2981 1306 3044 babet
1317 2979 1457 3064 plerum-

271 3109 332 3171 que
346 3088 449 3151 tribus
467 3085 710 3150 consonantibus
727 3089 908 3148 constantes
921 3083 971 3170 ¹);
993 3106 1088 3150 voces
1113 3088 1321 3169 compositae,
1346 3087 1374 3150 si
1397 3110 1457 3152 no-

271 3198 352 3260 mina
367 3195 495 3280 propria
512 3194 660 3278 excipias,
678 3193 707 3257 oi
717 3213 834 3276 paucae
851 3199 923 3256 snut
933 3191 982 3280 ²);
999 3197 1197 3276 quarumdam
1214 3195 1366 3260 orationis
1382 3215 1457 3277 par-

270 3307 347 3370 tium
362 3305 468 3387 inopia
484 3303 616 3380 laborat,
641 3302 774 3384 aliisque
790 3303 954 3366 defectivis
970 3307 1090 3365 tantum
1105 3305 1220 3388 gaudet
1232 3301 1274 3389 ⁸).
1323 3303 1360 3367 Si
1384 3305 1456 3367 dein

271 3416 483 3477 characterem
494 3410 759 3496 grammaticalem
776 3411 1034 3492 consideraveris,
1052 3411 1152 3476 solum
1164 3412 1274 3496 generi
1284 3411 1454 3474 masculino

271 3531 304 3586 et
320 3517 466 3583 feminino
483 3519 641 3602 propriam
653 3517 784 3580 formam
796 3518 918 3598 tribuit,
934 3519 1035 3582 forma
1051 3520 1193 3584 neutrius
1206 3517 1388 3600 deficiente,
1403 3539 1455 3582 ar-

269 3630 361 3693 ticuli
378 3626 499 3691 deliniti
522 3627 620 3690 omnis
641 3626 785 3710 generis,
810 3628 930 3692 numeri
947 3634 978 3692 et
995 3647 1087 3692 casus
1103 3649 1192 3692 unam
1208 3629 1309 3692 solnm
1324 3629 1455 3692 formam

271 3739 382 3816 babet,
399 3755 569 3818 pronomen
586 3735 623 3796 ad
641 3733 810 3796 relationes
826 3755 1030 3816 personarum
1044 3736 1257 3818 exprimendas
1274 3737 1303 3800 ei
1314 3737 1455 3820 inprimis

271 3845 432 3926 multiplex
447 3863 483 3905 ac
500 3841 634 3920 varium,
660 3843 761 3922 quoad
785 3843 862 3906 alias
887 3864 961 3908 vero
984 3843 1155 3908 relationes
1179 3845 1384 3929 designandas
1406 3842 1455 3908 vel

271 3973 430 4031 mancum,
454 3949 503 4012 vel
527 3950 651 4012 omnino
676 3949 793 4013 nullum
810 3952 960 4035 suppetit.
1007 3951 1117 4028 Quoad
1133 3952 1351 4016 formationem
1367 3953 1454 4015 verbi

271 4061 407 4124 ldebraei
423 4057 658 4144 conjugationes
675 4057 814 4123 diversas
831 4060 878 4122 sic
895 4061 996 4123 dictas
1019 4081 1080 4122 non
1104 4061 1234 4140 babent,
1260 4081 1328 4124 cum
1353 4061 1455 4124 omnia

270 4171 365 4232 verba
381 4189 440 4232 una
456 4169 623 4249 eademque
635 4169 756 4232 ratione
772 4168 951 4248 inflectant,
967 4190 1067 4253 neque
1083 4170 1165 4234 sicut
1181 4170 1300 4232 caeteri
1315 4170 1454 4233 Semitae

271 4278 370 4341 modis
387 4298 424 4340 ac
439 4277 643 4359 temporibus,
661 4297 739 4357 qnae
752 4277 962 4364 negligentius
979 4278 1192 4358 excoluerunt,
1208 4278 1312 4341 verbis
1324 4279 1455 4342 auxilia·

271 4387 359 4451 ribus
371 4390 552 4448 succurant.
574 4385 664 4462 Quod
682 4406 791 4448 nomen
803 4387 927 4465 attinet,
943 4387 1042 4450 solum
1058 4405 1203 4450 numerus
1220 4391 1251 4448 et
1267 4405 1368 4472 genus
1383 4407 1457 4470 spe-
