3120 5294
1277 481 1329 555 97

134 651 288 734 permixta
304 657 477 734 uterentur,
492 675 528 718 ea
542 661 645 718 minen
662 655 752 717 aliam
769 655 800 716 in
816 654 886 718 aliis
903 675 1000 738 paene
1028 661 1168 720 naturam
1185 657 1324 722 induisse

133 760 270 838 videtur,
289 781 357 822 cum
374 761 427 824 alii
443 783 616 825 sermonem
630 783 777 848 graecum
794 763 971 827 accuratius
988 765 1197 846 exprimerent
1206 762 1255 852 ί);
1272 766 1327 829 alii

137 874 250 932 contra
265 869 468 954 graecitatem
487 871 656 934 deterioris
672 878 765 934 notae
781 877 876 956 atque
901 873 1052 956 impuram
1077 873 1174 958 magis
1197 873 1329 938 manile·

135 983 257 1042 starent
274 976 329 1064 ³),
351 979 405 1042 alii
429 979 561 1065 denique
585 981 616 1042 in
638 981 708 1044 aliis
725 1001 743 1042 a
760 982 894 1046 caeteris
912 983 1128 1062 discederent,
1146 983 1328 1049 exhibentes

137 1084 357 1166 expressiones
373 1091 427 1148 aui
443 1085 691 1171 significationes
707 1088 814 1170 privas
834 1088 1018 1152 selenitem
1040 1092 1197 1154 adamatos
1220 1097 1252 1154 et
1274 1111 1329 1155 so-

134 1193 254 1255 lemnes
271 1189 314 1280 3).
330 1192 372 1256 Ut
388 1195 479 1276 proin
497 1196 631 1280 linguam
648 1217 792 1281 graecam
808 1197 953 1260 biblicam
975 1199 1067 1280 plane
1089 1219 1326 1284 cognoscamus,

137 1301 320 1364 nouaclum
338 1303 374 1365 ad
393 1321 439 1382 ea,
457 1324 535 1386 quac
553 1305 694 1367 omnibus
711 1305 921 1388 scriptoribus
938 1307 1127 1386 communia,
1156 1309 1212 1371 sed
1237 1308 1330 1372 etiam

135 1411 175 1474 ad
193 1429 239 1488 ea,
259 1431 338 1496 quae
355 1409 486 1498 singulis
502 1413 632 1496 propria
648 1419 731 1492 sunt,
748 1414 954 1496 respiciamus
971 1435 1100 1480 necesse
1118 1423 1176 1480 est.

167 1569 193 1636 ¹)
212 1575 279 1622 Prae
298 1579 410 1624 caeteris
436 1590 485 1637 pro
511 1581 617 1639 ingenio
646 1581 734 1638 graeei
759 1579 890 1627 idiomatis
922 1586 1026 1629 exarata
1059 1587 1198 1630 censentur
1222 1585 1327 1642 Edicta,

214 1679 280 1724 quae
297 1668 460 1715 continentur
474 1669 500 1714 in
518 1669 583 1715 libro
600 1670 711 1725 Esther,
733 1683 780 1718 nec
800 1685 850 1718 non
873 1672 942 1720 liber
963 1672 1134 1737 Sapientiae,
1164 1675 1199 1722 11.
1220 1675 1328 1725 illacen-

214 1757 340 1803 bacarum
359 1761 385 1804 et
398 1757 423 1803 in
441 1757 473 1805 it.
488 1758 517 1805 Τ.
536 1759 633 1806 moos.

161 1855 188 1924 ²)
209 1861 379 1910 Graecitatem
398 1867 552 1912 deteriorem
572 1867 705 1926 magisque
729 1868 935 1916 hebraissautena
959 1873 1076 1918 redolere
1105 1871 1200 1930 libros,
1228 1874 1271 1932 qui
1298 1887 1329 1920 ex

208 1953 329 1999 orientali
348 1955 467 2001 idiomate
488 1956 514 2001 in
533 1967 652 2016 graecum
672 1959 847 2019 transierunt,
868 1972 898 2004 ex
919 1961 959 2006 rei
980 1966 1074 2008 natura
1103 1963 1176 2009 iacile
1205 1963 1328 2024 intelligi·

209 2046 260 2088 tur.
280 2043 414 2102 Ejusmodi
432 2047 507 2091 sunt:
528 2047 715 2102 Siracides‚
734 2048 754 2094 l.
771 2048 1042 2098 Maccahaeorum
1062 2057 1088 2097 et
1105 2053 1240 2110 Baruch,
1261 2069 1327 2114 quo·

209 2143 267 2178 rum
286 2134 374 2179 versio
396 2135 526 2181 hebraicis
548 2137 612 2182 adeo
633 2149 726 2195 presse
746 2139 885 2195 adhaeret,
906 2145 935 2186 ut
953 2142 1020 2188 baud
1041 2155 1100 2190 raro
1118 2144 1184 2190 dura
1202 2147 1228 2191 et
1245 2147 1327 2193 minus

208 2225 349 2284 perspicue
378 2225 484 2282 existet,
513 2227 548 2272 ita
571 2229 688 2290 quidem,
715 2233 744 2276 ut
763 2231 805 2275 vix
823 2231 995 2296 intelligatur,
1016 2233 1066 2278 nisi
1086 2235 1208 2282 hebraice
1228 2237 1329 2296 cogite·

208 2319 263 2358 tur.
305 2315 383 2374 Cujus
414 2317 518 2374 generis
547 2319 735 2366 translationes
766 2321 876 2368 serviles
904 2328 981 2369 sunt:
1012 2318 1097 2380 οὕτως
1124 2319 1137 2371 ὁ
1161 2319 1327 2394 ἁμαρτωλὸς,

208 2402 289 2449 sirac.
315 2403 362 2460 Vl,
403 2408 426 2450 1.
455 2406 540 2466 (hebr.
570 2411 629 2482 iiiiii
645 2409 683 2474 ρ)
708 2413 861 2460 sceleratus
888 2413 1064 2475 manifestus,
1094 2410 1189 2483 ἥμεραι
1216 2411 1328 2486 ἀριθμοὶ,

206 2492 267 2538 ibid.
285 2493 365 2550 xvii,
386 2495 411 2540 2.
431 2495 513 2556 (hebr.
534 2502 609 2572 7qu
624 2501 676 2573 ’ῷῇ
698 2503 754 2548 dies
771 2503 866 2564 pauci,
887 2506 989 2566 tempus
1010 2505 1108 2560 breve,
1127 2501 1178 2556 ἀπό
1199 2507 1327 2576 προσώπω

207 2577 299 2646 λόγου,
319 2578 370 2631 ἀπὸ
384 2582 513 2654 προσώπο
531 2580 649 2656 βρέφος,
669 2592 729 2641 ibid.
740 2592 808 2648 ΧΙΧ,
831 2595 871 2639 11.
900 2593 986 2656 (bobr.
1008 2573 1073 2659 ‘affut
1089 2576 1166 2670 'dil'
1182 2603 1232 2672 ³2]
1247 2579 1328 2673 tingis)

208 2675 416 2731 antevertam,
444 2680 507 2724 unic
530 2677 674 2741 infantem.
704 2681 832 2729 Similiter
856 2678 1007 2748 irrepsistis
1030 2683 1047 2746 ἡ
1067 2680 1192 2753 βασιλεία
1212 2684 1327 2739 ἐναντίον

212 2759 353 2828 Ἀντιόχο,
374 2767 394 2812 l.
414 2767 495 2815 biacc.
514 2771 539 2825 i,
560 2771 601 2816 16.
630 2784 681 2816 non
710 2776 751 2818 est
779 2774 892 2828 ciarum,
922 2776 971 2822 nisi
998 2779 1179 2838 interpreteris
1205 2783 1326 2831 hebraice

163 2893 165 2897 ,
208 2832 331 2928 (111ξὲρρ
347 2849 435 2922 finit),
455 2857 527 2918 cujus
548 2873 642 2907 sensus
663 2863 746 2910 facilis
768 2868 795 2908 et
813 2867 958 2912 commodus
979 2870 1043 2914 erite
1064 2883 1176 2932 repnnm
1194 2873 1250 2933 ejus
1267 2877 1326 2921 sto-

207 2943 318 2993 bilitssm.
347 2945 460 2994 Prorsus
485 2949 624 2995 obscurum
644 2952 734 2998 versio
754 2953 878 3012 relinquit
899 2955 982 3002 locum
1011 2958 1092 3006 sirac.
1110 2961 1201 3020 Xhlii,
1222 2964 1248 3010 8.
1278 2963 1329 3027 μὴν

211 3027 325 3081 κατὰτὰ
354 3028 436 3098 ὄνομα
454 3029 536 3094 αὐτῆς
555 3032 692 3100 (σελήνης)
712 3053 780 3087 εστιν
800 3044 899 3090 mensis
922 3045 955 3092 oh
984 3060 1015 3092 ea
1033 3047 1120 3108 (iuna)
1139 3052 1328 3100 denominatur

206 3133 263 3168 eum
288 3124 314 3169 in
338 3135 434 3182 graeco
460 3122 511 3188 μὴν
539 3140 698 3187 nequaquam
719 3143 734 3175 a
754 3127 865 3189 σελήνη,
892 3135 958 3181 bene
986 3149 1050 3184 vero
1077 3140 1102 3186 in
1130 3141 1249 3188 hebraico
1280 3147 1326 3217 Πζιζ

206 3211 330 3272 (mensis)
353 3217 433 3288 atppg
453 3211 541 3280 (luna)
564 3231 655 3266 nomen
676 3232 748 3266 suum
767 3223 878 3270 derivet.
906 3225 1028 3284 Ejusdem
1047 3230 1152 3288 generis
1173 3243 1247 3290 quam
1266 3235 1324 3292 plu-

205 3301 269 3348 rima
288 3310 436 3351 occurrunt.

259 3391 287 3438 in
308 3393 338 3440 N.
359 3395 387 3441 Τ.
407 3398 520 3444 caeteris
540 3399 622 3458 magis
642 3400 807 3450 hebraissant
833 3407 859 3450 et
889 3405 1022 3464 impuriori
1050 3413 1192 3468 graecitate
1215 3418 1325 3461 utuntur

204 3481 397 3532 Matthaeus
418 3491 443 3534 et
460 3487 602 3535 Marcus.

153 3587 181 3653 ³)
202 3593 331 3650 Quaedam
349 3595 491 3654 peculiaria
510 3601 555 3644 aut
574 3601 646 3646 certe
671 3601 752 3660 magis
778 3604 898 3652 edomata
925 3620 1014 3654 omnes
1040 3613 1128 3668 praeci
1153 3615 1322 3676 hagiographi

202 3682 340 3743 exhibent,
363 3685 406 3730 elii
424 3688 509 3734 tamen
529 3688 561 3734 ab
580 3689 637 3735 aliis
657 3693 716 3750 pius
735 3690 865 3740 differunt.

256 3774 284 3820 ln
302 3774 331 3820 V.
350 3775 378 3822 Τ.
398 3776 516 3835 inprimis
535 3782 625 3826 notatu
644 3781 722 3840 digna
741 3788 782 3830 ast
799 3785 905 3844 elegans
926 3801 956 3834 sc
975 3790 1116 3848 singularis
1135 3801 1321 3852 paronomasia

200 3864 227 3907 in
251 3863 363 3910 historia
391 3863 524 3912 Susannae
546 3881 568 3913 r.
589 3882 612 3914 v.
643 3869 773 3927 abbi„
800 3887 849 3932 qua
879 3877 905 3922 in
934 3881 1063 3930 sententis
1084 3884 1201 3934 Danielis
1229 3891 1321 3937 eontra

197 3951 301 4010 judices
318 3955 372 4000 iata
388 3955 421 4001 sd
439 3957 542 4002 nomina
557 3969 653 4016 graeca
671 3959 791 4008 arborum
812 3955 904 4028 σχῖνος
922 3971 949 4012 et
967 3967 1057 4034 πρῖνος
1076 3973 1113 4018 ita
1133 3975 1271 4038 alluditur,
1290 3985 1321 4026 ut

196 4041 251 4100 jana
276 4047 379 4090 veteres
402 4034 474 4092 (vide
493 4045 640 4105 Hieronymi
659 4050 746 4098 Praei.
772 4054 798 4098 in
823 4054 901 4118 Dan.)
929 4057 989 4106 iude
1017 4061 1051 4108 ad
1077 4063 1171 4110 idioma
1198 4079 1319 4124 graecum

200 4131 276 4190 huius
304 4117 446 4188 historiae,
476 4139 542 4196 quod
571 4139 653 4184 solum
678 4143 826 4190 admitteret
860 4147 916 4193 illas
951 4150 1091 4198 allusiones
1122 4159 1319 4220 etymologicus,

198 4224 385 4272 concluserint.
405 4227 576 4276 Nihilominus
595 4231 743 4280 Dereser
764 4248 808 4281 eas
827 4237 904 4283 etiam
920 4251 950 4285 sx
967 4241 1091 4290 hebraico
1109 4243 1222 4293 derisuri
1238 4263 1318 4306 posse

200 4316 282 4372 putet.
310 4315 390 4364 Vide:
418 4317 467 4364 Dis
493 4317 589 4380 bsilice
605 4319 706 4368 Schrilt
731 4324 777 4372 des
796 4327 824 4372 Α.
840 4327 868 4373 Τ.
887 4343 936 4376 ron
955 4332 1153 4382 Dominicus
1175 4351 1198 4382 v.
1216 4340 1314 4385 Bren-

201 4407 280 4450 tano
308 4404 472 4463 (iortgesetat
498 4421 547 4453 von
570 4410 730 4474 Dereser)
759 4415 799 4462 iV.
820 4417 866 4464 Tb.
892 4421 937 4468 ili.
956 4422 986 4468 Β.
1014 4423 1119 4472 Frauki.
1147 4439 1169 4473 a.
1188 4429 1219 4474 id.
1240 4429 1317 4476 rsit.

200 4492 348 4552 itinieitung
368 4507 424 4542 zum
451 4495 547 4556 Proph.
566 4500 673 4556 Daniel,
694 4503 717 4560 ς.
738 4505 760 4548 3.
781 4507 811 4551 ii.
836 4509 889 4554 imo
907 4511 952 4557 Dr.
980 4513 1009 4558 D.
1039 4515 1230 4577 iianeberg,
1251 4518 1317 4565 Ver-

200 4582 266 4627 such
289 4583 363 4630 einer
386 4583 546 4636 Gesebichte
573 4589 619 4636 der
645 4589 791 4640 hiblischen
820 4595 1001 4660 Oilenharung.
1034 4603 1202 4664 Regensburg
1233 4607 1317 4664 185⁰,

198 4683 226 4728 p.
243 4672 309 4727 ddi,
330 4675 425 4722 eisdem
444 4677 471 4724 in
489 4677 584 4736 linguis
604 4679 740 4728 §emetiris
758 4695 852 4732 revers
871 4689 955 4735 iocum
972 4703 1032 4738 esse
1051 4695 1173 4741 ostendit.

166 4780 249 4824 llam.
268 4779 364 4828 biblica.
384 4786 403 4828 i.
1086 4799 1104 4850 7
