3118 5282
1209 407 1286 482 383

114 587 266 650 obscoena
294 605 355 648 uon
378 585 477 648 solum
502 583 587 648 iuter
612 605 646 648 se
664 587 696 647 et
721 605 789 648 curu
806 586 981 650 hominibus
1003 585 1168 668 utriusque
1184 605 1287 662 serus,

110 696 161 758 sed
191 693 284 756 etiam
317 714 386 756 cum
411 690 583 776 pecudibus
610 691 715 756 babitu
744 695 945 775 commercia3
969 717 1027 760 nee
1049 697 1080 758 in
1096 694 1136 758 iis
1151 695 1287 758 Deorum

107 801 185 866 bella
196 807 229 866 et
246 801 419 866 seditiones
435 805 612 880 narrantur,
629 801 843 866 nec-'homines
859 803 889 864 iu
908 823 980 867 aves
998 809 1029 867 et
1044 803 1147 888 lupos,
1165 802 1287 888 lapides

106 910 135 973 in
156 909 320 991 homines,
351 912 459 975 dentes
486 910 518 973 in
549 911 720 974 exercitum
751 911 895 976 conversi
924 912 1114 976 referuntur.
1160 913 1195 976 ln
1225 911 1289 974 illis

109 1019 245 1083 occurrit
266 1019 372 1104 potius
393 1019 562 1103 purissima
576 1020 668 1082 unius
693 1019 752 1084 Dei
769 1020 925 1106 cognitio,
949 1022 1003 1102 qui
1025 1041 1148 1105 semper
1163 1039 1183 1084 a
1199 1041 1288 1084 crea·

106 1128 184 1190 turis
216 1127 248 1190 in
279 1129 462 1192 immensum
490 1127 712 1214 distinguitur,
747 1128 850 1194 ubivis
881 1129 1074 1214 spiritualis,
1104 1129 1228 1212 sapiens
1258 1133 1289 1191 et

104 1241 232 1300 sanctus
254 1237 396 1318 sistitur3
420 1235 572 1300 miracula
586 1235 701 1300 biblica
716 1257 840 1321 semper
854 1237 921 1301 lleo
939 1237 1122 1323 dignissima
1139 1237 1288 1308 existunt,

104 1363 172 1405 eum
190 1363 345 1424 uunquam
360 1365 422 1408 non
438 1344 477 1406 ad
494 1343 764 1408 conservationem
781 1349 813 1408 et
829 1345 1086 1430 propagationem
1100 1344 1290 1431 cognitionis

107 1457 139 1516 et
154 1452 257 1516 cultus
271 1453 339 1519 veri
351 1452 409 1516 Dei
424 1453 508 1517 inter
518 1453 659 1518 homines
670 1457 804 1537 patrata,
823 1458 855 1516 et
867 1455 898 1516 in
915 1453 997 1516 bunc
1008 1451 1099 1517 finem
1112 1453 1291 1518 necessaria

104 1579 171 1626 esse
193 1561 423 1648 intelligantur.

193 1670 262 1734 Nee
278 1670 381 1737 minus
399 1669 606 1735 conformatio
625 1675 656 1733 et
673 1669 860 1755 propagatio
877 1670 1087 1734 narrationum
1103 1670 1287 1734 bibliearum

104 1799 141 1843 ea
161 1799 231 1844 esse
258 1778 520 1864 deprehenditur,
549 1783 585 1842 ut
616 1778 813 1842 manifestum
840 1779 900 1860 sit,
934 1779 1006 1846 illas
1028 1801 1047 1844 a
1069 1779 1186 1864 mythis
1215 1797 1287 1845 esse

104 1887 319 1952 alienissimae.
361 1887 566 1972 Antiquiores
594 1886 675 1950 enim
701 1886 832 1950 aliarum
861 1887 1001 1972 gentium
1029 1888 1225 1952 narrationes
1251 1907 1287 1951 ea

103 1997 298 2082 potissimum
317 2015 353 2060 ex
370 2015 464 2060 causa
475 1995 670 2060 adulteratae
687 1999 720 2060 et
734 1995 766 2057 iu
782 1994 904 2059 fabulas
920 2013 1090 2060 conversae
1107 1997 1288 2074 creduntur,

105 2107 187 2192 quod
206 2125 264 2190 per
286 2104 414 2191 longum
436 2108 562 2186 tempus
584 2103 663 2167 orali
678 2107 799 2167 tautum
815 2104 987 2168 traditione
1010 2107 1288 2169 conservabantur.

104 2219 162 2280 bst
185 2214 236 2278 vel
266 2213 501 2296 antiquissimae
534 2212 670 2276 Canonis
700 2211 889 2276 ludaeorum
914 2218 1022 2295 partes
1045 2234 1107 2277 non
1131 2215 1292 2278 continent

103 2344 169 2403 res,
193 2343 249 2388 ore
271 2327 393 2385 tautum
416 2324 617 2406 propagatas.
665 2320 720 2385 Sic
742 2321 994 2403 Pentateucbus,
1017 2322 1046 2385 si
1069 2322 1170 2405 prima
1186 2323 1291 2388 Gene-

104 2450 176 2494 seos
198 2430 382 2498 documenta
406 2429 560 2513 excipias,
585 2449 621 2493 ea
642 2429 759 2508 refert,
784 2429 937 2513 aquibus
960 2435 1074 2496 auctor
1095 2433 1202 2495 Moses
1225 2453 1287 2495 non

102 2538 195 2624 longe
219 2537 373 2620 distabat,
411 2537 473 2601 imo
502 2538 663 2602 maximam
694 2543 815 2622 partem
838 2539 938 2620 laeta,
975 2560 1107 2623 quorum
1133 2541 1202 2622 ipse
1226 2561 1286 2603 non

101 2651 220 2710 tantum
237 2650 415 2730 spectator,
439 2647 495 2709 sed
513 2651 545 2710 et
561 2647 721 2730 particeps
737 2645 807 2710 tuit.
848 2647 918 2709 Sed.
929 2668 1030 2731 neque
1047 2669 1126 2732 quae
1142 2669 1179 2734 ex
1193 2669 1288 2733 prae-

103 2755 307 2837 cedentibus,
331 2755 403 2822 inde
434 2755 588 2840 oprimis
617 2754 800 2839 parentibus
826 2755 941 2838 elapsis
972 2756 1106 2820 saeculis
1133 2757 1292 2824 mandavit

102 2864 232 2950 scriptis
248 2865 331 2944 suis,
356 2885 425 2928 cum
442 2864 582 2928 homiues
607 2862 672 2927 illis
694 2863 888 2946 temporibus
915 2866 994 2928 adeo
1011 2865 1156 2951 longaevi
1173 2870 1291 2946 essent,

100 2997 159 3060 per
183 2995 238 3039 ora
258 2975 424 3038 multarum
446 2973 683 3059 generationum
706 2971 842 3036 transire
871 2974 1066 3055 debuerunt,
1091 2975 1191 3040 donee
1208 2976 1290 3038 scri·

101 3085 263 3148 berentur.
298 3081 448 3162 Accedit,
473 3083 557 3164 quod
570 3081 731 3168 religionis
749 3080 972 3146 studiosissimi
987 3080 1177 3151 ludaeorum
1192 3082 1293 3165 majo·

102 3175 205 3256 res‘et
224 3191 421 3276 patriarchae
438 3193 580 3274 antiques
591 3191 744 3254 librorum
756 3189 1034 3272 suorumnotitias,
1051 3194 1162 3275 utpote
1178 3191 1293 3256 lunda·

100 3303 240 3364 mentum
265 3299 427 3385 religionis
455 3305 487 3364 et
510 3299 722 3384 reipublicae
749 3299 873 3362 maximi
899 3299 1059 3381 feceruut,
1082 3297 1163 3379 filus,
1181 3300 1290 3364 sedulo

99 3408 396 3473 commendaverunt
418 3413 451 3472 et
467 3407 587 3472 centies
598 3407 811 3490 repetierunt,
835 3408 880 3470 ita
895 3414 930 3470 ut
946 3406 1120 3490 suspicioni
1134 3406 1186 3469 vix
1201 3407 1294 3470 detur

98 3515 209 3596 locus,
234 3517 318 3600 quod
340 3516 441 3581 minus
462 3521 551 3580 recte
573 3515 754 3581 intellectae
776 3517 826 3579 vel
847 3516 996 3601 mythicis
1019 3513 1178 3600 figmentis
1203 3515 1293 3578 adul-

96 3629 224 3690 teratae
241 3625 368 3690 luerint.
415 3625 455 3690 ut
483 3625 628 3710 proiecto
644 3625 709 3688 tale
726 3625 883 3708 quidpiam
906 3645 969 3688 nou
992 3623 1163 3709 contigisse
1179 3625 1292 3708 probat

97 3753 253 3818 praeseus
270 3733 469 3816 antiquorum
480 3733 632 3796 librorum
646 3732 863 3796 hebraicorum
878 3731 1203 3817 conditiorflistoriae
1215 3754 1292 3818 pro·

94 3842 191 3906 lanae
207 3862 268 3924 quo
285 3847 358 3907 sunt
373 3843 581 3922 vetustiores,
614 3863 652 3905 eo
686 3840 881 3925 copiosiores
903 3845 993 3922 suut,
1017 3860 1055 3906 eo
1078 3841 1169 3924 plura
1192 3843 1292 3906 minus

97 3951 199 4013 solita
233 3955 266 4014 et
294 3949 451 4014 mirabilia
481 3951 620 4014 immixta
654 3950 790 4032 habeut3
833 3955 943 4016 contra
981 3950 1197 4033 antiquissima
1227 3951 1292 4013 lle-

94 4059 268 4124 braeorum
291 4063 499 4140 monumenta,
525 4079 604 4143 quae
629 4060 732 4124 omnia
755 4061 884 4124 aliarum
899 4060 1038 4146 gentium
1054 4059 1174 4142 scripta
1189 4061 1291 4121 aetate

93 4168 196 4254 longe
220 4173 379 4250 superant,
403 4189 503 4251 pauca
526 4171 677 4252 referunt,
703 4173 736 4232 et
759 4169 946 4253 praesertim
970 4167 1115 4250 perillus
1133 4165 1293 4232 mouen-

92 4298 160 4352 nos
183 4297 283 4360 usque
306 4277 345 4340 ad
369 4275 534 4358 diluvium,
568 4280 649 4359 quod
681 4277 835 4359 temporis
860 4276 995 4359 spatium
1017 4273 1207 4339 monstrosis
1229 4272 1291 4338 fin-

89 4387 213 4472 gendis
234 4385 345 4472 iugens
367 4385 481 4450 luisset
505 4405 654 4468 campus,
683 4405 744 4449 nou
781 4385 882 4450 solum
905 4405 1006 4471 pauca
1028 4383 1212 4469 prodigiosa
1235 4385 1292 4446 ha-

89 4496 187 4573 bent,
210 4492 266 4558 sed
289 4492 418 4574 insuper
441 4493 593 4579 singulari
617 4493 806 4557 narrationis
839 4493 1041 4576 simplicitate
1077 4496 1109 4554 et
1137 4493 1291 4556 brevitate

89 4603 180 4666 adeo
199 4601 441 4684 distinguuntur,
465 4606 500 4663 ut
523 4601 616 4666 facile
639 4601 844 4686 intelligatur,
868 4605 1028 4665 auctorem
1053 4601 1155 4664 omnia
1172 4600 1292 4665 incerta
