3190 5290
333 641 464 686 numquam
479 627 616 674 observato
636 627 765 674 contextui
785 627 890 685 potius,
910 638 984 684 quam
999 625 1149 684 perlectiori
1169 639 1231 672 urus
1251 627 1369 684 loquendi
1383 639 1446 684 cog·

334 719 423 764 nitioni
443 719 568 777 originem
587 718 706 764 debeant.
728 717 819 762 berica
838 717 870 762 ob
889 718 1014 765 rationem
1033 718 1132 762 allatam
1146 719 1221 762 ellum
1234 716 1401 762 versionibus
1422 723 1447 762 et

334 807 524 852 commentariis
546 813 687 866 praestant.
726 807 823 866 Quodsi
837 805 976 852 versiones
991 809 1017 850 et
1034 806 1220 853 commentarii
1239 807 1305 852 inter
1323 821 1353 853 se
1374 819 1446 852 com-

334 901 474 957 parentur,
499 897 525 942 bi
554 899 687 943 dummodo
715 895 808 942 officiis
834 900 889 942 suls
909 897 1084 954 satisfaciant,
1111 897 1163 941 illis
1192 897 1249 942 eine
1268 899 1448 944 controversia

333 989 496 1034 anteierenii
515 993 592 1047 suut,
620 987 711 1034 etenim
739 988 876 1034 versiones
906 986 1014 1044 simplici
1041 987 1114 1032 mollo
1141 999 1244 1034 sensum
1261 992 1347 1036 textus
1367 991 1450 1046 origi·

334 1079 400 1125 nelle
414 1079 534 1135 relidunt,
554 1077 732 1124 commentarii
751 1089 814 1124 rere
834 1077 907 1134 plura
920 1079 1035 1136 exempla
1048 1076 1179 1123 afferendo
1200 1083 1226 1124 et
1244 1080 1315 1125 locos
1336 1081 1452 1138 peralle-

335 1169 375 1216 los
394 1169 553 1215 consulendo
580 1169 774 1214 luculentiorem
800 1167 901 1225 liuguae
925 1167 1096 1226 cognitionem
1126 1168 1259 1226 praebant.
1298 1171 1405 1216 Accedit
1424 1173 1449 1214 in

334 1259 497 1304 versionibus
523 1259 634 1318 anitquis
663 1261 736 1306 etiem
761 1259 826 1304 illud
845 1258 1047 1316 incommodum,
1075 1257 1141 1316 qnod
1170 1258 1240 1316 prius
1260 1258 1450 1318 dijudicandum

337 1355 394 1408 est,
419 1353 502 1395 uuum
526 1351 692 1408 incorruptae
716 1349 747 1394 ad
775 1360 822 1392 nos
843 1349 1025 1408 pervenerint,
1051 1361 1083 1393 en
1103 1348 1178 1394 aliam
1204 1351 1292 1395 forsan
1311 1351 1450 1396 lectionem

337 1444 486 1499 sequentur.

290 1521 317 1590 ⁸)
337 1531 367 1576 b.
388 1542 414 1589 ς.
435 1529 603 1588 etymologia,
628 1527 670 1577 ubi
698 1531 723 1575 ln
742 1525 894 1587 compositis
914 1532 1032 1586 potestis
1053 1531 1162 1586 partium
1182 1531 1274 1588 operta
1299 1533 1349 1575 est.
1388 1529 1451 1574 Nam

337 1621 396 1679 quis
416 1620 442 1665 in
454 1620 565 1668 adducto
581 1621 634 1678 ⁸ium
646 1615 816 1684 μοσχοπιίεω
836 1618 868 1665 (to
887 1617 1071 1677 significatione
1089 1619 1199 1665 uitulum
1216 1617 1290 1680 socio
1309 1615 1379 1680 (Act.
1397 1620 1452 1677 llll,

340 1708 397 1768 tt.)
417 1707 549 1761 dubitabit,
570 1707 631 1754 licet
650 1709 744 1754 nullum
764 1708 833 1754 uliud
851 1708 1024 1753 testimonium
1044 1720 1092 1765 pro
1112 1721 1142 1753 ee
1155 1706 1246 1754 suerri
1266 1709 1368 1766 possiti
1396 1709 1453 1754 Nou

337 1801 419 1845 minus
439 1796 597 1857 significatus
617 1798 727 1857 alicujus
747 1798 863 1844 vocabuli
878 1798 980 1856 linguae
993 1803 1136 1857 emortuae,
1157 1811 1232 1858 quem
1247 1811 1334 1844 omnes
1349 1799 1454 1844 dialecti

338 1893 462 1947 cognatae
480 1893 598 1947 tuentur,
618 1893 645 1935 et
664 1890 704 1934 cui
730 1901 776 1934 uec
801 1890 903 1934 traditio
923 1889 1084 1947 antiquorum
1105 1901 1152 1934 nec
1171 1891 1309 1934 contextus
1328 1890 1454 1934 adversa-

338 1981 390 2031 tur,
410 1981 503 2024 tentam
521 1979 728 2037 probabilitatem
747 1979 871 2038 acquirit,
893 1981 921 2024 ut
939 1991 955 2023 e
973 1978 1127 2023 certitudine
1147 1990 1236 2038 parum
1260 1978 1349 2023 distet.

739 2174 766 2239 s.
784 2168 826 2228 tt.
842 2167 986 2230 iramltlo.

358 2322 477 2400 Quibus
494 2342 530 2384 ex
558 2322 652 2384 dictis
662 2321 727 2404 jam
744 2321 836 2384 facilc
853 2321 1005 2407 colligere
1022 2321 1106 2399 iicet,
1124 2322 1259 2384 studium
1277 2321 1454 2408 linguarum

269 2429 484 2513 antiquarum,
509 2449 588 2512 quae
611 2430 703 2493 simul
727 2434 887 2494 emortuae
909 2430 1043 2510 fuerint,
1073 2431 1211 2494 laborem
1237 2451 1307 2494 esse
1331 2437 1380 2492 sat
1405 2452 1456 2492 ar·

271 2539 374 2602 duum.
420 2537 463 2600 Ut
475 2537 566 2617 enirn,
591 2537 679 2619 cujus
704 2536 856 2618 ejusmodi
879 2538 1002 2624 linguae
1030 2539 1093 2601 siut
1111 2539 1241 2616 indolis,
1265 2539 1364 2621 probe
1381 2559 1456 2620 per-

270 2647 423 2729 cipiatur,
455 2646 563 2709 sedulo
592 2646 797 2731 indagandum
830 2647 906 2725 erit,
939 2667 1016 2730 quae
1043 2667 1148 2710 earum
1177 2647 1208 2708 in
1236 2647 1455 2726 remotissima,

269 2753 358 2836 cujus
384 2755 568 2838 plerumque
585 2759 634 2817 sat
649 2755 753 2818 tenuia
770 2761 889 2818 restant
905 2754 1048 2840 vestigia,
1066 2756 1251 2838 antiquitate
1267 2756 1364 2820 fuerit
1380 2777 1455 2820 con-

269 2863 357 2942 ditio,
374 2882 451 2945 quas
468 2862 681 2947 perplurima,
702 2884 780 2946 quae
795 2864 868 2928 inde
883 2863 987 2946 elapsa
1002 2865 1117 2928 luerint
1134 2866 1268 2942 saecula,
1286 2886 1343 2949 per
1359 2865 1455 2942 varin,

269 2991 348 3053 quae
365 2971 396 3032 in
414 2972 453 3034 iis
465 2971 525 3033 vim
537 2971 713 3048 habuerint,
725 2971 870 3054 adjuncta
886 2993 1034 3037 successu
1050 2973 1202 3056 temporis
1219 2973 1371 3036 subierint
1387 2995 1456 3036 mu-

267 3081 422 3157 tationes,
448 3085 480 3142 et
508 3099 586 3164 quae
604 3082 724 3142 demum
753 3080 893 3161 altioris,
918 3083 956 3144 ad
989 3102 1079 3163 quem
1095 3082 1163 3144 fors
1181 3089 1308 3146 evectae
1327 3081 1456 3158 inerint,

267 3189 409 3252 culturae
424 3189 552 3274 gradus,
569 3189 787 3270 subsequentis
802 3188 1013 3271 corruptionis
1032 3195 1063 3252 et
1079 3189 1179 3252 ultimi
1201 3189 1259 3252 fati
1278 3189 1457 3254 exstiterint

268 3315 390 3376 causae,
406 3301 442 3359 ut
458 3296 504 3359 sic
517 3303 737 3382 cognoscatur,
755 3319 833 3381 quae
851 3300 1063 3382 proprietates
1080 3299 1151 3380 plus
1167 3300 1305 3362 minusve
1322 3300 1455 3362 subtiles

267 3404 300 3466 in
313 3405 444 3468 diversis
457 3406 622 3486 aetatibus,
638 3408 818 3492 regionibus
832 3415 925 3493 atque
938 3409 1146 3490 scriptoribus
1161 3408 1206 3472 eis
1219 3409 1455 3490 adhaerescunt,

266 3535 306 3578 ne
320 3519 478 3600 generalia
495 3540 563 3582 cum
580 3521 767 3601 specialibus
783 3541 819 3582 ac
835 3521 1064 3604 peculiaribus,
1090 3521 1256 3604 peregrina
1284 3541 1353 3582 cum
1377 3540 1453 3600 pro-

267 3631 363 3714 priis,
387 3631 565 3695 recentiore
587 3654 656 3694 cnm
675 3630 904 3714 antiquioribus
930 3629 1191 3697 commisceantur
1218 3633 1312 3712 atque
1329 3649 1454 3711 permu-
1480 3665 1481 3668 =

267 3744 383 3804 teutur.
430 3742 516 3818 Quae
532 3765 584 3807 res
602 3748 688 3808 certe
705 3763 742 3806 eo
759 3737 918 3802 difficilior
935 3739 1005 3815 erit,
1023 3757 1084 3820 quo
1098 3739 1198 3821 magis
1209 3737 1333 3822 linguae
1352 3757 1455 3798 emor-

266 3853 374 3912 tuaea
401 3853 517 3916 nostris
539 3857 703 3928 recedant,
729 3873 790 3935 quo
808 3847 943 3934 longiori
964 3847 1115 3929 temporis
1141 3847 1245 3931 spatio
1264 3853 1351 3910 extra
1366 3866 1454 3908 usum

265 3959 386 4040 positae
403 3965 497 4044 atque
515 3969 674 4028 emortuae
690 3961 825 4039 inerint,
851 3979 911 4042 quo
938 3957 1038 4042 magis
1055 3957 1188 4040 denique
1210 3953 1357 4020 deficiant
1380 3955 1454 4016 sub-

268 4066 369 4147 sidia,
393 4069 505 4152 quibus
522 4093 626 4135 earum
645 4070 785 4157 cognitio
803 4071 1014 4150 comparetur.

356 4177 401 4240 Ea
423 4200 498 4242 vero
523 4181 604 4244 ratio
631 4186 680 4244 est
696 4175 1097 4262 potissimumslinguarum,
1123 4169 1343 4266 quibussssacer
1360 4172 1454 4235 codex

264 4285 466 4370 consignatus
483 4293 541 4352 est.
566 4291 788 4371 Praeterquam
802 4288 880 4351 enim
899 4288 982 4368 quod
999 4289 1178 4348 nostrerum
1193 4287 1267 4344 sunt
1278 4280 1451 4343 dissimilii·

264 4410 343 4469 mac,
368 4409 403 4451 ex
415 4397 522 4459 multis
532 4395 597 4480 jam
613 4391 748 4463 saeculis
765 4393 983 4458 conticuerunt
1000 4395 1093 4470 adeo,
1111 4399 1145 4456 ut
1162 4393 1261 4475 quoad
1282 4393 1318 4454 Α.
1337 4391 1375 4452 Τ.
1392 4391 1453 4452 imo

266 4503 358 4564 etiam
371 4506 474 4586 quoad
485 4507 638 4572 elementa
647 4508 793 4572 hebraica
806 4511 837 4570 et
848 4505 1001 4570 aramaica
1013 4503 1101 4567 Ni.
1111 4498 1342 4564 sufficientibus
1355 4496 1453 4562 desti·

264 4615 392 4674 tuantur
407 4615 613 4696 testimoniis,
636 4619 719 4700 quoti
744 4637 814 4680 mox
842 4612 1024 4677 videbimus.
1071 4614 1272 4694 Quapropter
1287 4607 1452 4689 interpreti
