3118 5282
830 639 859 706 S·
876 637 939 698 uit.

559 763 591 832 b)
613 759 648 815 Si
669 757 791 833 respicis
811 759 943 829 deperata
961 756 1029 832 fidei
1049 761 1078 814 et
1096 775 1214 814 morem.

377 932 479 1009 Quum
499 927 564 991 loci
587 947 613 990 s.
631 927 832 1008 scripturae,
856 924 911 1006 qui
931 924 1078 1009 dogmata
1099 923 1172 990 lidei
1194 931 1226 992 et
1254 949 1364 992 moram
1377 949 1441 991 con·

288 1039 488 1122 plectuntur,
511 1055 570 1117 pro
586 1035 740 1120 religione
761 1037 794 1097 et
814 1033 879 1096 vita
900 1031 1071 1096 christiana
1086 1036 1210 1100 maximi
1231 1034 1370 1101 momenti
1388 1037 1441 1112 sint,

287 1149 393 1230 patet,
417 1164 525 1210 eorum
553 1138 756 1225 explicationi
781 1139 980 1224 praecipuam
1001 1142 1235 1224 impendendam
1260 1165 1327 1210 esse
1349 1163 1440 1222 curan,

287 1259 324 1318 nt
348 1255 387 1318 ab
413 1253 494 1332 illia,
529 1251 715 1334 inquorum
742 1248 875 1332 gratiam
904 1248 1093 1332 suscipitur,
1123 1257 1211 1317 recte
1233 1258 1441 1338 cognoscantur.

287 1362 507 1426 Doctrinarum
530 1379 605 1423 vero
632 1357 833 1434 biblicarum‚
857 1375 936 1439 quac
958 1357 997 1420 ad
1018 1355 1111 1420 fldem
1133 1364 1166 1424 et
1187 1379 1291 1426 mores
1317 1363 1441 1443 spectant

286 1471 348 1535 duo
365 1475 437 1534 sunt
451 1485 577 1554 genera.
623 1464 746 1530 Etenim
762 1467 835 1528 aunt
849 1464 947 1543 aliae,
971 1485 1049 1548 qnae
1066 1467 1135 1530 sola
1150 1470 1273 1534 ratione
1289 1469 1372 1551 plane
1385 1483 1441 1550 per·

285 1579 366 1663 spici
386 1599 448 1642 uon
471 1579 620 1660 possunt,
650 1573 722 1636 data
748 1576 851 1635 autom
873 1572 1064 1638 revelatione
1084 1575 1130 1638 ita
1151 1577 1241 1640 uobis
1258 1577 1441 1651 innotescunt,

284 1693 320 1750 ut
332 1707 393 1750 nou
405 1685 506 1750 solum
520 1683 664 1748 notiones
675 1679 808 1762 subjecti
820 1684 853 1742 et
865 1679 1037 1763 praedicati
1048 1685 1148 1764 probe
1159 1689 1341 1768 perspectas
1351 1683 1441 1748 baber-

286 1815 365 1875 runs,
373 1794 428 1858 scd
438 1793 530 1858 etiam
542 1811 650 1854 nexum
661 1807 896 1874 cognoscamus,
904 1810 965 1872 quo
978 1791 1191 1872 praedicatum
1203 1794 1343 1878 subjecto
1354 1792 1443 1856 cobse-

285 1909 346 1967 ret.
369 1902 458 1966 Aliae
474 1901 609 1978 dantur,
633 1917 711 1982 quae
736 1897 829 1960 etiam
844 1895 928 1961 lacta
943 1897 1136 1964 revelatione
1151 1903 1285 1968 hnmano
1300 1896 1444 1964 intellectui

285 2011 330 2074 ita
342 2009 509 2094 imperviae
520 2012 604 2087 sunt,
616 2012 651 2072 ut
663 2025 856 2090 quemqnam,
870 2005 945 2087 quid
962 2006 1136 2090 subjectum
1148 2015 1180 2074 et
1192 2012 1392 2094 praedicantum
1402 2005 1445 2070 sibi

285 2118 401 2198 velint,
424 2117 575 2196 sciamus,
598 2135 661 2197 quo
688 2122 789 2180 tamen
806 2114 899 2178 modo
916 2113 1049 2180 alterum
1065 2115 1159 2182 alteri
1176 2119 1353 2197 conveniat,
1381 2113 1444 2180 nulb

286 2225 409 2289 ratione
425 2225 550 2309 assequi
565 2223 739 2302 valeamus,
763 2227 795 2285 et
810 2225 981 2305 propterea
995 2229 1153 2307 mysteria
1168 2227 1371 2310 appellantur.

379 2332 460 2411 Quid
483 2352 541 2415 pro
569 2334 657 2393 recta
677 2335 816 2392 textuum
846 2331 1094 2414 dogmaticorum
1117 2337 1149 2395 et
1171 2335 1335 2398 moralium
1349 2327 1445 2415 exposi-

287 2441 372 2502 tione
390 2439 612 2503 observandum
635 2437 693 2517 sit,
716 2455 812 2520 supra
828 2436 878 2523 (S.
896 2439 973 2502 2⁰3.
991 2445 1023 2502 et
1039 2440 1137 2527 204.)
1155 2441 1443 2506 commemoravimus.

286 2547 356 2611 lloc
378 2547 449 2610 loeo
472 2547 573 2610 adbuc
595 2543 780 2609 monendum
803 2551 871 2627 est,
895 2545 1117 2610 certitudinem
1132 2568 1170 2611 ac
1185 2547 1362 2613 firmitatem
1385 2541 1446 2609 omri

288 2655 411 2718 nomine
427 2651 575 2736 majorem
592 2675 650 2738 pro
668 2653 863 2738 expositione
878 2651 1032 2736 locorum,
1058 2655 1203 2741 dogmata
1217 2655 1293 2721 fidei
1308 2661 1340 2720 et
1352 2671 1445 2717 mornn
1513 2649 1514 2656 '

287 2761 535 2843 continentium,
560 2783 639 2846 quae
666 2781 703 2826 eo
729 2762 828 2848 magis
852 2762 1032 2826 indubium
1054 2765 1162 2830 vocari
1177 2771 1210 2828 et
1229 2763 1395 2850 impugnari
1407 2780 1445 2820 so·
1513 2791 1514 2800 ι

285 2873 368 2953 lent,
392 2891 455 2954 quo
477 2871 576 2956 magis
599 2870 716 2957 ingenii
738 2871 865 2934 humaui
880 2871 963 2936 vires
980 2878 1147 2956 superant,
1172 2874 1204 2937 in
1225 2872 1289 2938 lide
1305 2869 1445 2938 revelatio·

286 2981 335 3044 nis
351 3001 387 3044 ae
404 2979 585 3067 Magisterio
601 2978 763 3044 Ecclesiae
780 2979 954 3044 catholicae
971 2981 1141 3062 repositam
1165 3003 1247 3048 esse.
1295 2980 1368 3046 Utut
1386 2977 1445 3042 enin
1513 3047 1514 3066 χ

286 3089 369 3153 tales
391 3089 472 3169 loci,
506 3087 657 3170 imprimis
680 3088 734 3170 qui
754 3088 906 3171 mysteria
928 3087 1195 3172 complectuntur,
1219 3112 1258 3154 ex
1284 3095 1386 3156 nature
1406 3103 1447 3150 ιιι

284 3216 410 3281 semper
424 3197 558 3279 aliquam
575 3195 815 3278 obscuritatem,
840 3197 924 3260 nulla
940 3197 1146 3280 explicatione
1168 3199 1296 3283 penitus
1311 3213 1445 3264 removen-

285 3307 372 3386 dam,
396 3325 543 3370 annexam
559 3304 707 3386 habeant,
732 3305 979 3388 quamprimum
1003 3309 1107 3370 tamen
1131 3309 1309 3372 ostenderit
1333 3301 1446 3389 exegeta,

285 3429 373 3478 enam
403 3413 529 3480 illorum
560 3412 786 3496 expositionem
816 3411 961 3478 exbiberc
993 3419 1140 3478 accurate
1169 3417 1356 3494 sententias,
1389 3423 1445 3492 euti

285 3527 434 3586 auctores
463 3520 612 3584 divinitae
643 3519 748 3584 edocti
777 3519 951 3604 exprimere
977 3521 1196 3606 intenderunt,
1231 3525 1385 3590 auditores
1411 3513 1447 3577 ml

284 3624 424 3696 lectores
448 3649 522 3693 suos
546 3630 584 3694 de
607 3628 740 3696 veritate
772 3647 883 3692 sensns
915 3631 1048 3714 expositi
1073 3631 1263 3714 interposita
1286 3627 1446 3696 auctoritate

285 3735 390 3800 divina
418 3740 525 3800 certos
548 3737 661 3800 reddit.
708 3735 770 3800 Ubi
796 3739 903 3802 datum
932 3738 1030 3802 inerit
1058 3738 1214 3821 adjicere,
1249 3738 1446 3824 expositionem

286 3843 481 3908 concordare
506 3863 576 3908 curn
599 3842 780 3910 delinitione
813 3845 992 3926 Ecclesiae,
1021 3845 1053 3910 iu
1077 3847 1289 3912 decisionibus
1306 3839 1446 3912 Eoneilio·

284 3968 371 4032 rum,
395 3948 524 4032 scriptis
547 3955 726 4014 sauctorum
749 3952 894 4032 Patrnm,
923 3952 1033 4018 aliisve
1054 3954 1176 4020 divinus
1199 3953 1374 4018 traditionis
1393 3949 1446 4010 lon·

284 4059 371 4124 tibus
395 4063 595 4136 conservata,
626 4060 719 4124 etiarn
748 4059 863 4140 timor,
889 4083 928 4124 ne
956 4061 1041 4126 torte
1069 4062 1216 4128 doctrina
1246 4062 1380 4128 revelata
1404 4070 1446 4138 per

284 4168 385 4252 ipsius
413 4172 564 4254 exegetne
584 4167 822 4256 intelligentiam
844 4170 946 4234 miuus
969 4175 1078 4236 exacte
1101 4173 1265 4257 explorate
1292 4191 1327 4236 ec
1348 4162 1445 4232 redditi

286 4276 348 4359 sit,
384 4273 557 4353 evanescit,
593 4278 624 4338 et
648 4275 802 4358 expositio
826 4277 1006 4342 authentica
1034 4278 1183 4360 habetur,
1218 4300 1238 4344 a
1270 4276 1376 4364 quovis
1400 4270 1446 4334 iit·

285 4380 407 4458 tbolico
427 4379 706 4468 inspiceremus).

312 4527 342 4596 θ)
362 4531 406 4580 Sic
423 4533 448 4578 ln
464 4529 581 4578 Allioll
601 4527 782 4578 lietscinis
805 4531 931 4590 expositio
957 4533 1091 4582 doetrinae
1115 4535 1225 4584 biblicae
1246 4551 1269 4583 e.
1289 4545 1314 4595 g.
1333 4536 1362 4580 de
1378 4529 1444 4576 ineu·-

237 4653 240 4660 -
360 4623 466 4669 natione
480 4621 557 4669 Verbi
576 4621 692 4669 edican.
715 4622 740 4676 1,
764 4623 875 4683 1t.‚de
894 4623 1056 4671 Eucharistia
1075 4627 1107 4673 ad
1123 4625 1212 4673 Mettis.
1238 4625 1332 4684 xxvi,
1350 4623 1388 4671 et.
1403 4627 1444 4677 8li·
