3112 5284
247 442 324 514 296

338 619 367 680 1.
391 615 576 702 Adleguntur
598 617 680 679 haud
704 637 776 680 raro
799 616 964 694 uaticinia,
989 635 1068 700 quae
1091 617 1157 679 siue
1176 615 1207 680 in
1224 617 1344 682 literali
1368 620 1428 684 siro

245 723 278 787 in
302 723 436 810 mystico
460 745 553 790 sensu
577 727 617 788 ad
640 725 785 790 llcssiam
809 730 967 810 spectant,
1004 729 1037 788 et
1059 730 1200 808 temporo
1225 727 1350 791 Christi
1367 726 1428 810 jam

246 833 400 916 completa
423 839 512 913 sunt,
535 833 585 899 vel
608 834 640 898 in
663 833 729 918 ejus
753 854 852 921 regno
875 833 968 918 hujus
991 839 1045 898 aut
1070 833 1170 898 tutori
1186 835 1307 898 saeculi
1330 837 1428 900 adhue

246 941 484 1026 complebuntur
497 938 537 1028 ¹).

335 1053 368 1114 2.
392 1049 471 1113 hein
493 1052 571 1114 satis
595 1050 706 1114 orehro
730 1051 770 1119 N.
784 1052 819 1116 10¹.
843 1057 990 1118 auctores
1006 1071 1124 1116 moram
1146 1052 1341 1136 scriptorum
1358 1073 1431 1135 pro-

245 1157 386 1221 fanorum
409 1158 527 1238 secuti,
557 1178 636 1243 qnae
666 1160 704 1227 ah
729 1161 766 1222 Α.
791 1160 826 1222 p,
856 1159 1066 1243 scriptoribus
1097 1159 1243 1224 hountur
1271 1161 1323 1224 vel
1347 1161 1430 1225 refe·

248 1269 378 1348 runtur,
408 1264 550 1348 suhjeoto
574 1284 669 1330 sensu
691 1267 729 1330 oh
752 1267 818 1332 illis
840 1267 980 1352 proxima
1003 1287 1064 1330 non
1086 1265 1224 1341 intento,
1249 1273 1282 1331 at
1307 1269 1349 1331 oh
1376 1268 1431 1331 ali·

247 1393 337 1455 quam
360 1371 570 1438 similitudinis
602 1373 756 1438 rationem
786 1375 982 1447 auditoribus
1010 1375 1060 1438 vel
1091 1375 1265 1445 lectoribus
1296 1379 1431 1462 probato
1537 1445 1538 1450 ,

248 1486 280 1544 et
302 1484 432 1562 accepto
455 1501 513 1565 per
534 1483 657 1546 modum
680 1483 872 1568 argumenti,
905 1487 941 1552 nt
964 1484 1087 1566 dicunt,
1111 1485 1151 1547 ad
1173 1485 1351 1565 hominem,
1382 1490 1432 1548 aut

248 1589 425 1660 illustrandi
447 1590 496 1654 vel
519 1590 648 1656 ornandi
669 1591 772 1676 gratia
794 1593 834 1658 ad
858 1611 924 1656 ram
945 1611 1033 1656 ouum
1055 1592 1249 1658 macularunt
1259 1589 1302 1668 ²).

337 1698 457 1777 Quodsi
480 1697 543 1762 loci
565 1700 604 1762 A.
626 1699 662 1763 p,
685 1699 717 1762 in
739 1698 779 1762 N.
803 1700 838 1762 ll.
862 1720 917 1780 oo,
948 1719 1039 1783 quem
1062 1704 1174 1764 auctor
1195 1700 1264 1783 ipse
1288 1701 1433 1766 intende·

247 1807 316 1886 bat,
346 1807 396 1870 vel
425 1826 533 1890 quom,
563 1806 632 1899 lpoo
664 1807 757 1878 etiam
786 1807 914 1890 neseio,
954 1807 1093 1899 Spiritus
1123 1807 1224 1870 sancti
1257 1807 1435 1872 directiorm

249 1913 315 1998 ejus
346 1915 452 1979 dictis
470 1913 643 1998 suhjaotum
671 1913 769 1980 luisse
793 1921 932 1998 constat,
957 1935 1051 1982 sensu
1079 1915 1293 2000 adducuntur,
1317 1917 1435 1980 hahen-

248 2027 302 2088 tur
324 2028 497 2089 citationes
519 2027 657 2111 proprie
678 2025 787 2094 dinuo
809 2043 866 2086 ceu
889 2021 1112 2110 allegationes,
1137 2043 1229 2087 secus
1253 2029 1330 2088 sunt
1355 2029 1435 2090 cito·

250 2137 357 2200 tiones
381 2136 561 2217 inproprie
582 2135 634 2198 eie
655 2133 764 2198 dictae
786 2151 842 2202 seu
864 2132 1108 2216 applicationes,
1138 2132 1231 2199 etiam
1254 2153 1433 2198 accommo-

249 2242 392 2307 dationes
426 2246 630 2328 nuncupatae.
675 2241 787 2306 Utrum
816 2263 892 2306 uero
924 2243 1014 2306 locus
1042 2243 1081 2305 Α.
1112 2241 1147 2304 ll.
1178 2242 1216 2305 ah
1249 2244 1434 2307 auctoribus

247 2349 288 2413 N.
312 2349 514 2417 minutatur
537 2349 621 2412 inter
645 2348 811 2414 citationes
834 2350 962 2434 propria
986 2350 1087 2415 dictas
1110 2349 1152 2414 sit
1174 2349 1376 2430 referendus,
1399 2371 1434 2413 an

248 2475 307 2541 per
328 2457 452 2519 modum
475 2455 649 2541 argumenti
672 2457 710 2524 ad
733 2458 887 2522 hominem
910 2461 963 2527 ant
987 2456 1284 2527 accommodationis
1307 2459 1432 2522 oesthe«

248 2563 331 2628 ticae
354 2584 410 2628 sou
435 2563 612 2652 exegeticao
637 2563 679 2627 sit
702 2565 870 2645 adductus,
899 2563 972 2628 hinc
995 2563 1067 2628 inde
1090 2584 1238 2648 perquam
1263 2562 1433 2628 difficulter

252 2664 452 2759 delinitur⁸).
499 2673 548 2740 Aa
571 2693 661 2759 quam
684 2671 915 2754 difficultatem,
940 2677 1088 2757 quantum
1103 2670 1175 2738 fiori
1189 2678 1309 2755 potest,
1333 2693 1436 2736 remon

252 2781 380 2844 vendam
403 2781 453 2845 vix
476 2782 559 2852 alind
582 2785 700 2862 restat,
723 2801 814 2864 qoam

274 2888 314 2974 a)
339 2893 373 2952 ot
395 2891 542 2954 redeatur
564 2890 602 2952 ad
624 2893 741 2955 textum
766 2891 803 2956 A.
828 2888 874 2966 ΕΣ,
899 2889 951 2975 qui
976 2909 1012 2952 ex
1036 2888 1177 2952 omnihus
1193 2888 1341 2972 partihus
1366 2909 1435 2954 exa-

343 2995 531 3088 minetnr⁴),

273 3106 312 3193 h)
336 3111 371 3172 ut
395 3107 501 3171 eadem
524 3107 665 3172 subsidia
688 3105 908 3194 adhibeantur,
932 3125 1064 3190 qnorum
1088 3125 1147 3189 opo
1171 3105 1343 3170 ornandum
1367 3125 1433 3170 osse

295 3196 301 3203 '¹
344 3235 439 3298 supra
461 3216 654 3299 monuimus,
683 3219 788 3283 utrum
816 3219 928 3283 auctor
951 3234 968 3282 a
991 3235 1059 3296 sua,
1086 3233 1125 3278 an
1148 3233 1185 3278 ex
1207 3213 1342 3280 aliorum
1367 3233 1435 3278 sen-

341 3323 442 3388 tentia
463 3323 621 3406 loquatur.
666 3324 775 3410 ltaque
798 3323 887 3407 qnia,
911 3321 965 3411 qni
987 3322 1145 3406 loquitur,
1169 3341 1260 3386 esna
1281 3323 1437 3387 sententia

343 3431 432 3516 l⁰⁴l¹¹i
454 3433 625 3496 consentu
655 3437 721 3514 ost,
754 3430 800 3494 ita
828 3436 879 3512 ut,
909 3430 939 3494 si
961 3431 999 3496 ah
1032 3430 1095 3494 isto
1119 3450 1205 3492 more
1229 3430 1385 3509 discedit,
1407 3431 1436 3492 id
1537 3423 1538 3462 ³

345 3539 406 3603 rite
422 3541 550 3625 prohari
573 3541 700 3623 deheat,
724 3561 786 3604 non
808 3539 909 3604 minus
931 3535 1064 3610 firmiter
1086 3537 1251 3602 tenendum
1275 3542 1339 3621 est,
1364 3557 1435 3601 auc·

260 3663 261 3668 ¹
344 3649 468 3718 torihns
497 3648 536 3712 N.
560 3649 596 3712 F.
619 3667 802 3732 persuasum
824 3646 939 3731 inissa,
968 3646 1049 3712 loeis
1073 3667 1110 3712 ox
1133 3647 1171 3710 Α.
1194 3646 1231 3709 p,
1255 3645 1367 3710 citatis
1390 3646 1436 3709 in-

343 3775 414 3827 oaoo
440 3776 581 3840 sensum,
606 3777 696 3841 quem
730 3757 769 3820 iis
798 3756 956 3839 tribuunt,
985 3755 1048 3818 nisi
1070 3755 1209 3818 rationes
1235 3750 1433 3818 sufficientes

345 3864 431 3927 aliud
453 3866 613 3936 suadeant.
658 3866 751 3944 Quod
780 3885 818 3928 eo
841 3863 940 3951 magis
963 3863 1180 3946 asserendum,
1204 3861 1258 3926 uhi
1279 3863 1312 3925 in
1336 3859 1380 3926 N.
1402 3864 1434 3925 p,

340 3974 440 4040 atium
462 3995 501 4047 ex
517 3978 681 4053 contextu,
706 3974 857 4043 orationis
878 3971 1027 4053 oonsilio,
1051 3971 1184 4056 aliisquo
1200 3971 1353 4035 subsidiis
1369 3973 1439 4036 her-

345 4083 528 4147 menoutioio
556 4087 645 4148 certo
675 4083 878 4168 intelligitur,
907 4080 1012 4152 losum
1043 4086 1075 4146 at
1107 4079 1282 4164 Apostolos
1310 4080 1439 4164 proprie

346 4192 445 4256 citare
474 4188 599 4256 effatum
628 4193 664 4255 V.
688 4191 723 4254 F.
769 4193 838 4270 Quo
867 4190 900 4260 in
934 4209 1010 4255 ¹accon
1032 4188 1177 4273 prolecto
1202 4191 1291 4252 antra
1313 4188 1438 4259 dulcium

345 4300 482 4385 positum
499 4305 570 4380 ast,
601 4319 656 4364 eos
676 4300 749 4364 loeo
780 4300 915 4363 adducto
939 4319 1000 4363 uon
1022 4318 1084 4380 qua
1109 4299 1293 4384 augumento
1316 4297 1359 4362 ad
1383 4299 1438 4361 ho-

346 4408 475 4491 minem,
498 4410 553 4472 sed
570 4407 682 4490 ’potius
701 4429 767 4492 uuo
790 4409 876 4474 dicto
896 4407 1085 4491 prophetico
1104 4425 1181 4470 usos
1204 4424 1274 4470 osso
1296 4406 1338 4468 ud
1362 4405 1439 4468 ulios

348 4519 592 4598 convincendos,
623 4521 656 4580 et
678 4523 846 4602 propterea
869 4513 1020 4598 ejusmodi
1044 4513 1169 4580 effatum
1191 4513 1271 4598 ipsis
1296 4531 1371 4578 oese
1392 4533 1440 4576 ar·

347 4634 524 4714 gomont-um
547 4648 653 4692 verum
677 4631 708 4690 et
731 4627 898 4708 positivum
922 4626 961 4690 ad
984 4625 1151 4704 veritates,
1175 4624 1213 4688 de
1237 4624 1353 4708 quihus
1374 4624 1437 4709 agi·
