3112 5284
1228 433 1306 508 275

193 611 256 658 uisi
276 611 336 671 quid
366 613 473 666 melius,
501 611 604 664 verius,
633 615 677 657 aut
702 611 793 656 saltem
817 583 984 658 ierielmllius
1004 624 1034 660 ae
1054 611 1211 672 probabilius
1232 614 1308 660 noble

172 693 174 696 ’
195 705 326 762 occurrat,
346 701 463 760 prolerre
476 703 554 761 atque
567 702 642 748 etiam
654 701 779 759 adoptare
794 713 844 748 non
861 701 947 758 lleest,
968 703 1027 750 dum
1042 701 1193 762 sertpturae
1204 707 1309 750 sanctae

193 793 323 838 voracitas
341 791 502 852 dignitasque
517 791 612 850 ubique
633 791 731 838 intacta
749 792 901 838 serretur.”

145 874 174 942 ²)
196 883 349 943 liujusmodi
369 884 442 928 loeus
462 887 503 929 est
521 881 580 928 lob.
600 882 670 938 XlX,
690 879 806 930 25-27.
828 857 933 957 '192'512
947 876 1037 958 iiiiii]
1050 887 1078 957 η]
1091 859 1151 960 Q}
1166 888 1241 958 ’Ἦ
1256 888 1312 948 2331

194 978 241 1046 aa]
261 976 325 1046 ’titt
345 949 454 1045 ’,i'utps
473 975 516 1046 ’su
536 965 596 1047 ortu
621 947 707 1045 tabu,
727 974 794 1044 ”iii
815 967 917 1047 ‘appar
931 967 1060 1042 cronopi
1075 972 1131 1038 ’piu
1146 979 1212 1049 aar]
1235 949 1313 1050 :capg

195 1067 279 1138 t’pijp
294 1040 371 1138 ³13⁵},b
386 1024 434 1137 ῆςξ
449 1040 539 1136 istis}
570 1062 642 1122 Vulg.
672 1060 755 1123 „Seio
784 1062 868 1124 mim,
893 1066 963 1126 quod
981 1033 1123 1114 ltedemtor
1142 1077 1217 1114 meua
1235 1065 1309 1121 aicit,

196 1157 224 1202 ci
240 1153 269 1202 ia
284 1153 430 1202 noaueirao
451 1153 542 1201 diade
560 1153 639 1200 terra
657 1151 836 1202 correcturus
855 1165 933 1210 aurat
955 1157 982 1202 et
998 1167 1109 1204 rursum
1124 1155 1312 1204 circumdabor

196 1247 268 1308 pelle
290 1258 367 1302 mec,
397 1247 424 1291 et
441 1243 469 1292 ia
489 1257 575 1292 carae
593 1257 651 1292 arce
669 1243 765 1292 ridebo
785 1246 869 1293 Deum
886 1258 981 1294 meum.
1030 1247 1110 1306 wem
1128 1248 1237 1296 risuru
1255 1261 1314 1296 eum

198 1348 245 1396 epo
264 1333 333 1396 ipae,
353 1337 380 1381 et
398 1334 469 1382 oculi
486 1334 539 1382 mei
551 1333 725 1397 conspecturi
746 1337 816 1390 ruat,
836 1336 863 1380 et
878 1347 933 1384 aoa
952 1334 1041 1385 alius.-
1059 1337 1182 1400 reposito
1195 1340 1312 1386 cattuso

198 1437 261 1488 spec
275 1437 333 1472 meo
343 1424 370 1472 ia
381 1425 443 1472 aiau
454 1438 510 1472 mcc
517 1426 550 1482 ,·‘’
565 1426 608 1484 qni
617 1425 697 1479 locus,
711 1425 770 1473 licet
781 1439 836 1474 euna
846 1425 947 1484 plurimi
957 1428 1079 1486 gravibus
1090 1429 1161 1476 ducti
1171 1430 1315 1476 rationibus

195 1515 228 1560 ad
247 1515 388 1562 doctrinam
408 1515 439 1562 de
453 1515 646 1563 resurrectione
660 1518 816 1562 mortuorum
830 1517 955 1572 rorarent,
975 1519 1046 1566 salva
1062 1522 1146 1565 tamen
1162 1519 1314 1576 idealiter,

196 1606 302 1664 potede
316 1618 364 1665 epe
378 1607 569 1666 recuperandae
586 1607 707 1654 sentiatis
722 1605 814 1666 erponi
829 1609 924 1666 potest,
944 1621 1020 1668 quom
1038 1606 1069 1654 ab
1086 1610 1272 1670 antiquioribus
1286 1623 1317 1657 ac

136 1697 139 1704 '
196 1695 384 1742 recentioribus
397 1695 583 1754 interpretibus
597 1697 668 1742 vario
681 1695 755 1742 modo
768 1697 911 1744 translatus
926 1701 953 1743 et
967 1699 1100 1756 expositas
1120 1701 1164 1758 sii,
1184 1703 1211 1746 et
1225 1701 1315 1760 dogma

197 1785 229 1830 de
247 1786 439 1832 rerurrectione
456 1789 614 1832 mortuorum
634 1787 731 1833 salvam
753 1789 868 1846 manent,
901 1788 953 1834 etsi
971 1789 1046 1835 locus
1065 1789 1115 1836 iste
1139 1790 1172 1836 da
1195 1789 1237 1836 lile
1263 1803 1315 1836 non

198 1887 277 1934 agere
294 1879 436 1924 asseratur.
457 1877 531 1924 coiri.
544 1877 576 1922 ad
589 1878 656 1922 bunc
671 1877 752 1923 locum
764 1877 857 1922 Allia
866 1877 903 1931 li,
923 1878 988 1925 llell.
1001 1877 1107 1926 Sabrilt.
1124 1881 1154 1928 ¹1¹.
1172 1881 1218 1928 lll.
1232 1895 1258 1939 p.
1271 1883 1315 1928 37.

151 1959 180 2030 ⁸)
200 1966 259 2025 Sic,
290 1967 402 2026 quamvis
429 1979 460 2012 ex
484 1966 572 2012 blattb.
599 1966 669 2022 XVl,
699 1967 739 2012 18.
764 1967 803 2012 iil.
833 1967 925 2012 summi
950 1967 1082 2016 Pontificio
1109 1969 1316 2018 infallibilitatem

197 2055 283 2115 plures
300 2057 446 2112 adstruant,
465 2057 611 2102 authentice
625 2059 711 2102 tamen
725 2057 942 2114 interpretatione
956 2071 1006 2104 non
1020 2059 1144 2120 cogimur,
1160 2060 1224 2108 baec
1238 2061 1319 2108 verba

197 2146 434 2206 deeaexponere3
459 2159 507 2194 uec
525 2151 617 2194 cantra
635 2147 768 2193 acclesiae
790 2145 864 2194 iidem
886 2153 1020 2208 peccaret,
1044 2151 1088 2208 qui
1106 2164 1121 2197 e
1141 2149 1199 2202 Gal.
1216 2151 1249 2209 ll,
1274 2155 1316 2198 ll.

198 2235 313 2296 eiusdem
326 2237 532 2286 infallibilitatem
549 2243 673 2298 negaret,
694 2239 753 2296 qula
771 2237 927 2285 infallibilem
947 2249 1010 2286 esee
1028 2252 1154 2288 summum
1169 2240 1316 2288 Pontificem

196 2327 295 2384 solnm,
321 2340 372 2374 non
391 2329 481 2386 dogma
496 2329 625 2387 decisam,
645 2329 692 2376 sed
706 2329 893 2388 Tbeclogornrn
914 2331 1000 2388 opinio
1019 2333 1076 2390 est,
1097 2333 1159 2378 licet
1181 2335 1311 2380 caeterum

199 2418 326 2478 ejusmodi
344 2431 408 2464 usus
434 2419 483 2464 loci
503 2419 678 2478 posterioris,
708 2419 740 2466 ad
759 2418 856 2478 justam
880 2419 1068 2478 interpretandi
1091 2423 1217 2468 rationem
1239 2424 1320 2470 aetii·

198 2513 296 2567 matus,
324 2509 400 2555 nobis
420 2509 521 2556 minime
541 2509 708 2568 probaretur.
736 2511 812 2556 conl.
833 2511 857 2570 S.
879 2513 923 2557 lii.
942 2516 995 2558 not.
1017 2513 1041 2558 l.

152 2591 180 2662 ⁴)
200 2599 290 2646 Valeat
302 2599 362 2645 illud
373 2601 543 2646 vincentii
557 2601 761 2657 Lirinensis,
777 2601 930 2648 comnionlt.
944 2601 1107 2662 cap.XXVll.
1129 2602 1318 2664 „Intellipatur

199 2691 225 2737 te
238 2692 387 2752 exponente
400 2689 546 2746 illustrior,
561 2692 630 2752 quiid
645 2693 707 2737 onte
721 2691 862 2738 obecurius
877 2692 1048 2740 credebatur.
1062 2693 1116 2740 l’er
1130 2695 1156 2741 te
1166 2693 1316 2755 posteritas

199 2777 361 2828 intellectum
379 2782 544 2841 proteletur,
565 2781 634 2841 quod
654 2783 716 2828 onte
733 2782 853 2828 uetustos
871 2795 926 2828 noa
946 2781 1108 2830 intellectum
1125 2783 1317 2831 venerabatur.

199 2870 300 2918 diadem
311 2873 406 2926 tumea,
420 2883 488 2932 puae
500 2869 627 2930 didicisti,
643 2872 718 2928 doce,
732 2873 763 2918 ut
775 2885 834 2918 cum
849 2872 924 2920 &cos
937 2885 1029 2931 aare,
1041 2885 1098 2918 aon
1112 2872 1189 2920 dieue
1201 2874 1321 2920 nccu.”

153 2953 181 3020 ⁵)
204 2960 273 3007 liene
306 2962 337 3008 de
365 2962 412 3008 bac
441 2973 470 3008 re
502 2961 599 3006 monuit
626 2961 642 3006 J
650 2973 693 3006 os.
717 2961 813 3006 Pletn
840 2961 866 3006 ln
890 2954 987 3008 Frlnt'a
1015 2962 1133 3022 theolog.
1161 2963 1318 3019 zeitschrilt,

200 3051 290 3110 iabrg.
310 3051 352 3097 lX.
373 3051 403 3098 Τ.
422 3053 443 3098 1.
463 3064 523 3112 pag.
538 3052 590 3098 258
610 3065 678 3112 sqq„
700 3053 751 3108 ubi,
772 3064 828 3099 cum
844 3053 1057 3108 demonstrasset,
1078 3053 1320 3111 interpretationem

200 3141 315 3187 locorum
334 3141 365 3188 ab
379 3142 496 3188 liceleeia
512 3141 672 3189 definitorum
689 3144 780 3189 stricte
796 3143 963 3201 dogmaticam
979 3155 1040 3188 esse
1055 3140 1213 3202 firmiterque
1229 3148 1320 3190 teneu-

200 3233 272 3291 dam,
295 3233 331 3278 ita
353 3231 531 3291 prosequitur:
552 3232 614 3291 „lcb
634 3233 696 3279 rede
718 3233 781 3278 aber
802 3245 852 3277 von
866 3233 911 3278 der
924 3231 1103 3278 kathoiiselren
1117 3232 1317 3290 interpretation

201 3333 234 3368 an
249 3323 409 3370 lratbollscbe
425 3323 506 3370 beser
520 3323 583 3368 oder
593 3321 725 3382 Zubbrer3
746 3325 812 3370 uena
832 3323 894 3368 dass
915 3335 971 3368 man
987 3321 1030 3370 bel
1045 3321 1141 3381 Jenen,
1161 3323 1259 3370 welche
1276 3325 1318 3370 die

200 3411 350 3472 l³rinclpien
365 3413 411 3459 dee
424 3411 623 3459 Kathclicismus
637 3413 708 3459 nicht
724 3414 901 3470 moriennam,
921 3413 967 3458 aul
979 3412 1036 3458 elne
1050 3412 1145 3460 andere
1154 3411 1240 3460 Weiee
1256 3425 1317 3460 rer·

202 3503 302 3558 labren,
322 3503 425 3550 undele
438 3515 486 3550 aus
500 3503 573 3550 ihren
586 3503 731 3560 Principlen
744 3502 866 3549 belebren
886 3503 937 3548 und
955 3501 1119 3548 tiberweisen
1138 3503 1234 3562 milsse,
1254 3503 1320 3548 wlrd

200 3591 277 3651 jeder
295 3593 461 3652 eingesteben
480 3595 547 3652 und,
566 3605 641 3640 weun
660 3605 689 3638 er
708 3592 777 3638 nicht
796 3593 911 3638 tbilriclst
930 3593 979 3652 ist,
998 3593 1062 3637 aucb
1081 3593 1234 3652 belclpen.”

240 3733 268 3799 §-
285 3730 336 3791 lii.
351 3732 389 3789 ln
404 3731 567 3804 querendum
583 3731 622 3787 slt
637 3731 670 3788 de
687 3729 859 3788 authenticae
874 3731 1109 3803 interpretationis
1121 3735 1212 3806 lugat

222 3859 266 3920 lix
283 3857 377 3920 dietis
394 3857 514 3920 abunde
530 3861 628 3940 patet,
654 3875 730 3918 rana
747 3875 828 3938 esse,
854 3877 933 3941 quae
950 3857 988 3920 dc
1005 3855 1159 3922 frenis'ab
1171 3858 1319 3926 Ecclesia

130 3966 290 4031 catholica
323 3985 451 4030 suorum
482 3965 688 4046 interpretum
712 3963 833 4046 judicio
861 3963 986 4046 injectis
1004 3964 1205 4048 jactitantur.
1241 3968 1319 4032 Com

129 4097 208 4140 vero
225 4076 443 4138 Protestanies
465 4073 547 4135 haud
571 4092 644 4135 raro
669 4073 921 4152 submissionem,
952 4093 1012 4155 qua
1036 4074 1196 4138 Ecclesiae
1218 4077 1318 4163 Magi-

131 4183 265 4248 sterinm
288 4183 321 4245 ia
344 4181 531 4264 exponendis
548 4180 657 4243 Bibliis
682 4201 884 4262 veneramur,
909 4182 1056 4246 servilem
1080 4188 1113 4246 et
1135 4183 1321 4268 progressui

131 4291 336 4355 scientiarum
359 4291 575 4352 adversantem
593 4307 663 4350 esse
680 4293 855 4367 autument,
880 4290 1061 4372 appendicis
1083 4290 1155 4354 loco
1172 4292 1211 4352 ad
1228 4291 1319 4373 hujus

132 4399 248 4482 capitis
264 4395 356 4462 linem
379 4403 548 4480 sequentes
566 4394 800 4458 observationes
816 4395 1004 4480 subjungere
1021 4396 1114 4461 liceat
1132 4417 1140 4458 :

225 4509 256 4569 1.
280 4507 352 4588 lpse
377 4503 540 4588 religionis
564 4509 692 4566 nostrae
709 4501 923 4564 sanctissimus
946 4509 1058 4568 auctor
1082 4503 1211 4586 ejusque
1233 4508 1319 4588 Apo-

133 4614 211 4678 stoli
228 4613 401 4676 dcctrinam
419 4627 515 4686 ariam,
541 4608 650 4690 etjam
668 4629 765 4692 supra
781 4608 895 4670 dicium
920 4614 969 4670 ost
986 4608 1042 4694 (S.
1069 4609 1161 4694 175),
1178 4612 1321 4676 declara.

1038 4736 1106 4788 18*
