3112 5284
285 389 365 466 250

283 573 315 632 et
337 567 439 632 forma
454 567 614 631 doctrinae
637 587 711 631 usos
738 567 835 632 inisse
851 567 958 650 vides,
981 567 1107 651 praevie
1128 569 1337 632 assumendum
1356 565 1430 632 etiir·

282 676 375 741 miter
400 677 567 740 tenendum
589 679 654 755 cst,
679 695 785 739 omncs
813 675 985 758 Spiritus.
1009 677 1123 740 ductos
1143 677 1176 740 in
1190 674 1265 742 iidei
1284 695 1429 758 morumque

283 784 429 850 doctrina
455 783 651 868 consentire,
679 782 724 848 ita
744 788 780 848 ut
807 785 930 848 minime
953 783 1099 849 audiendi
1114 785 1194 864 sint,
1220 785 1274 870 qui
1294 784 1431 848 doctrinan

283 893 374 958 Pauli
394 893 477 958 inter
498 898 530 957 et
545 891 670 976 Jaccbi,
693 891 822 958 loannis
839 899 871 957 et
893 893 980 958 Petri
1001 893 1197 978 aliorumque
1212 893 1335 958 muitum
1348 889 1431 954 discri-

285 1001 377 1068 minis
394 1021 464 1066 esse
480 1006 629 1066 statuent.
675 1001 797 1064 Etenim
814 999 842 1066 si
863 1000 980 1064 diversi
995 1010 1141 1067 auctores
1157 1001 1264 1066 biblici
1280 1000 1370 1084 quoad
1382 1019 1433 1062 ean·

284 1111 354 1176 dem
368 1109 572 1174 revelationis
587 1109 762 1174 docuinam
777 1108 808 1172 in
828 1109 876 1172 rei
892 1109 1068 1174 substantia
1084 1110 1294 1192 discrepantia
1308 1113 1356 1172 aut
1368 1106 1433 1190 plane

284 1219 491 1303 repugnantia
512 1217 756 1302 eloquerentur,
789 1217 930 1300 Spiritus
950 1237 996 1302 s.,
1020 1218 1074 1304 qui
1088 1217 1290 1282 revelationis
1309 1236 1342 1279 ac
1359 1214 1432 1296 inspi·
1508 1223 1509 1228 ’

283 1327 417 1392 rationis
433 1331 545 1391 auctor
561 1329 625 1407 cst,
649 1345 754 1390 secum
777 1329 947 1412 pugnaret,
969 1326 1019 1390 vel
1042 1327 1133 1412 plane
1150 1325 1211 1392 sibi
1226 1324 1434 1404 contradiceret,

283 1436 369 1520 quod
384 1435 518 1520 cogitari
533 1431 651 1518 nequit.
1509 1413 1510 1434 ¹

371 1543 447 1608 lade
473 1563 531 1625 pro
556 1542 816 1624 interpretatione
842 1541 959 1608 biblica
984 1542 1149 1626 sequentia
1170 1539 1346 1606 derivantur
1364 1557 1434 1624 prae·

284 1658 390 1735 cepta:

374 1761 404 1824 1.
430 1759 611 1842 Scriptores
627 1757 725 1838 sacri,
742 1759 825 1844 quod
842 1763 965 1844 spectat
981 1757 1142 1822 doctrinas
1156 1757 1328 1834 revelatas,
1348 1754 1386 1818 ita
1401 1755 1435 1816 in·

281 1868 475 1952 terpretandi
497 1871 586 1946 sunt,
617 1873 652 1934 nt
672 1867 787 1954 singuli
809 1889 878 1933 curo
902 1866 1097 1950 semetipsis,
1121 1871 1154 1930 et
1174 1865 1256 1930 alter
1282 1884 1346 1928 cun
1360 1862 1435 1925 altero

283 1975 470 2042 consentiat.
516 1977 637 2055 Quodsi
652 1997 709 2061 per
730 1976 819 2062 leges
834 1977 1093 2042 llermeneuticae
1108 1973 1294 2038 universalis
1315 1973 1369 2038 iste
1382 1991 1437 2033 con·

282 2103 394 2149 sensus
411 2085 549 2150 obtineri
570 2085 694 2170 nequit,
723 2087 762 2150 ab
783 2085 848 2150 illis
868 2090 989 2150 tantum
1003 2084 1212 2150 recedendum
1233 2087 1300 2166 est,
1322 2083 1437 2166 quantun

281 2193 493 2258 necessarium
511 2198 559 2257 est
574 2195 613 2258 ad
629 2195 828 2260 concordiam
843 2194 1009 2260 doctrinae
1025 2193 1209 2258 servandam
1222 2188 1266 2278 ²).

372 2304 404 2366 2.
436 2301 503 2366 linc
524 2302 685 2368 doctrinae
706 2303 840 2368 biblicae
862 2303 1033 2368 concordia
1058 2322 1117 2386 pro
1143 2300 1342 2364 fundamento
1360 2293 1438 2378 posita

280 2409 394 2496 singuli
406 2413 554 2474 auctores
571 2431 632 2474 non
649 2411 750 2476 solum
767 2431 804 2476 ex
815 2411 1010 2494 semetipsis,
1034 2409 1199 2474 sedetiam
1215 2406 1437 2472 alterexaltcro

282 2538 337 2597 ea,
361 2539 451 2600 quam
479 2518 636 2604 assignata
662 2520 796 2584 venetas
825 2519 938 2605 exigit,
963 2519 1108 2584 cautione
1132 2516 1273 2582 adbibita
1295 2513 1438 2600 supplendi,

279 2625 458 2690 illustrandi
485 2630 518 2690 et
540 2628 713 2709 explicandi
738 2635 829 2709 sunt,
854 2628 927 2712 quia
947 2628 980 2692 in
1004 2647 1123 2692 summa
1142 2627 1191 2690 rei
1212 2626 1353 2690 doctrina
1370 2622 1438 2685 unius

280 2735 374 2800 ctiam
395 2734 540 2800 doctrina
561 2736 693 2802 alterius
720 2741 788 2817 est,
812 2741 844 2800 et
866 2756 991 2816 omncs,
1015 2737 1099 2821 quod
1121 2735 1262 2818 pertinet
1285 2737 1324 2800 ad
1344 2730 1439 2816 singuli

274 2841 350 2908 fluet
377 2849 409 2907 et
436 2865 557 2909 morum
584 2846 708 2930 capita,
732 2847 817 2930 quod
843 2847 882 2908 de
908 2845 954 2909 eis
982 2848 1113 2928 accepta
1139 2843 1244 2910 divina
1272 2843 1437 2912 revelatione

278 2953 491 3036 scripserunt,
515 2954 597 3020 idem
612 2960 721 3020 tenere
738 2955 886 3020 censendi
902 2961 975 3018 suot
985 2951 1029 3041 ²).

304 3149 329 3216 ¹)
348 3157 401 3214 ipsi
419 3158 613 3206 Protestantes.
638 3159 682 3218 qui
701 3171 716 3204 a
734 3157 914 3204 rationalismo
935 3155 1045 3202 caeteris
1064 3155 1219 3204 remotiores
1240 3155 1340 3216 justam
1360 3150 1437 3200 revela·

348 3247 426 3293 tionis
453 3259 483 3292 ac
511 3247 689 3307 inspirationis
711 3248 841 3295 notionem
871 3251 979 3305 tenent,
1008 3245 1140 3291 doctrinae
1163 3245 1275 3294 biblicae
1303 3240 1438 3293 concordien

350 3332 530 3396 (bau-moniam)
549 3337 687 3398 interpreti
707 3350 728 3384 s.
746 3335 896 3397 Scripturae
910 3348 961 3383 non
980 3335 1154 3394 negligendam
1173 3338 1301 3382 sulcant.
1326 3327 1438 3380 Bronton

348 3437 429 3471 cansa
451 3425 537 3472 missis
557 3427 613 3472 aliie
638 3428 719 3474 coium
740 3427 770 3474 Α.
791 3427 823 3474 n.
843 3427 915 3474 (thr.
937 3425 1109 3483 luentes,
1136 3426 1203 3472 inter
1227 3425 1370 3483 Theologos
1390 3419 1438 3465 let·

349 3515 499 3562 ibuitcoruan
517 3517 723 3573 celeberrimum,
744 3518 901 3576 allegamus,
920 3518 963 3578 qut
982 3517 1008 3564 in
1027 3527 1121 3576 operer
1147 3516 1324 3574 Voriuungen
1340 3514 1396 3562 uber
1410 3507 1439 3553 iit

348 3604 484 3664 Dogmatik
496 3606 544 3654 der
562 3619 650 3666 evang.
669 3608 764 3656 lotber.
784 3608 889 3656 ilircta.
913 3606 1002 3654 liamb.
1024 3606 1101 3658 1829.
1121 3617 1180 3666 pag.
1200 3605 1262 3652 see.
1280 3605 1343 3652 baec
1356 3599 1438 3650 scribit:

349 3693 416 3753 „Die
431 3694 643 3757 Vereussetnung
664 3699 738 3744 einer
757 3698 968 3760 durcbgtngigen
978 3696 1115 3744 llermonie
1134 3696 1186 3742 und
1199 3694 1301 3742 liinbeit
1318 3696 1362 3741 der
1372 3687 1438 3739 Bibal-

349 3783 420 3829 iebre
439 3783 475 3829 ist
491 3796 541 3830 von
561 3787 606 3831 der
625 3787 817 3848 Anerlenoung
836 3789 882 3834 der
899 3785 1068 3845 Odenbarung
1087 3787 1138 3832 und
1157 3785 1315 3844 inspiration
1333 3797 1375 3844 gar
1386 3779 1438 3827 aicit

350 3886 384 3918 nu
403 3877 526 3919 trennen.
558 3901 590 3910 —
619 3877 647 3922 io
664 3877 712 3922 der
730 3889 826 3924 neuern
847 3877 904 3923 deit
921 3877 965 3923 bat
982 3889 1039 3923 man
1064 3875 1120 3922 eleb
1144 3875 1245 3923 ireiiicb
1273 3876 1388 3932 bemntt,
1410 3869 1439 3914 dit

348 3963 576 4020 cigentbtimiicben
594 3965 856 4014 Vereebtedenbeiten
874 3968 922 4014 der
940 3967 1080 4014 bibliecben
1100 3965 1289 4014 Sebriitateiler
1306 3963 1438 4014 nicbtbicu

349 4055 374 4100 ia
394 4055 440 4100 der
458 4055 645 4115 bustellung,
664 4058 777 4104 eundern
796 4059 862 4106 eoeb
879 4051 908 4104 in
927 4059 973 4104 dar
990 4056 1151 4116 Aniiueung
1169 4057 1217 4105 der
1235 4057 1391 4104 wabrbeiteu
1404 4051 1439 4095 let

349 4144 555 4192 cbristentbome
574 4146 731 4194 bomerkltcb
749 4162 782 4194 cu
801 4149 915 4196 matinen.
942 4148 1019 4196 Dices
1037 4147 1096 4194 deri
1106 4147 1169 4196 aber
1185 4147 1227 4194 nie
1245 4160 1276 4196 so
1294 4147 1356 4194 weit
1367 4143 1437 4202 gater,

350 4236 412 4282 dass
431 4234 472 4282 die
492 4231 551 4282 ldee
569 4238 616 4283 der
635 4237 884 4297 Giaubensanologie
903 4239 977 4286 debet
990 4237 1083 4285 fleisbr
1101 4239 1171 4286 liele.
1197 4239 1271 4285 Denn
1291 4238 1360 4283 wtra
1378 4230 1438 4277 uiri·

350 4327 400 4372 iieb
426 4326 545 4373 cbristus
572 4329 661 4386 sigone
689 4329 771 4374 bebre
798 4341 848 4374 von
874 4328 923 4375 der
949 4329 995 4375 dee
1020 4327 1165 4388 iohannes,
1190 4329 1261 4375 diese
1279 4341 1329 4374 rou
1347 4321 1437 4371 terto

349 4417 444 4462 Paulus
464 4431 491 4463 u.
512 4430 534 4463 e.
550 4431 583 4463 w.
603 4431 632 4462 so
652 4419 831 4480 ubweicbcnd,
860 4419 908 4465 wie
927 4421 1012 4478 einige
1031 4419 1153 4465 ecbeinen
1171 4419 1317 4476 bebauptan
1342 4429 1372 4462 nu
1390 4407 1437 4455 wol-

347 4507 403 4564 ien,
432 4487 464 4553 so
481 4510 552 4554 wtre
571 4510 645 4554 baum
664 4509 829 4571 begreiiiicb,
849 4511 898 4556 wie
917 4511 975 4557 eine
993 4513 1020 4555 in
1039 4510 1095 4556 eleb
1113 4522 1143 4556 so
1161 4509 1367 4566 nweiieibaitige‚
1385 4502 1438 4548 otoo

340 4599 452 4648 'wahren
477 4599 569 4650 inoern
591 4601 764 4648 drkeuntnias
792 4599 975 4660 erme'npeinde
1003 4600 1179 4661 ilrecbetnung
1205 4599 1275 4650 bione
1305 4586 1438 4648 menediiti
