<?xml version="1.0" encoding="UTF-8"?>
<!DOCTYPE html PUBLIC "-//W3C//DTD XHTML 1.0 Transitional//EN"
    "http://www.w3.org/TR/xhtml1/DTD/xhtml1-transitional.dtd">
<html xmlns="http://www.w3.org/1999/xhtml" xml:lang="en" lang="en">
 <head>
  <title>
</title>
<meta http-equiv="Content-Type" content="text/html;charset=utf-8" />
  <meta name='ocr-system' content='tesseract 3.04.00' />
  <meta name='ocr-capabilities' content='ocr_page ocr_carea ocr_par ocr_line ocrx_word'/>
</head>
<body>
  <div class='ocr_page' id='page_1' title='image "./hermeneuticabib00kohlgoog_0252.png"; bbox 0 0 3092 5286; ppageno 0'>
   <div class='ocr_carea' id='block_1_1' title="bbox 1235 423 1315 500">
    <p class='ocr_par' dir='ltr' id='par_1_1' title="bbox 1235 423 1315 500">
     <span class='ocr_line' id='line_1_1' title="bbox 1235 423 1315 500; baseline 0.013 -1"><span class='ocrx_word' id='word_1_1' title='bbox 1235 423 1315 500; x_wconf 77' lang='lat'>227</span> 
     </span>
    </p>
   </div>
   <div class='ocr_carea' id='block_1_2' title="bbox 125 597 1322 2745">
    <p class='ocr_par' dir='ltr' id='par_1_2' title="bbox 125 597 1314 798">
     <span class='ocr_line' id='line_1_2' title="bbox 125 597 1314 684; baseline 0.003 -21"><span class='ocrx_word' id='word_1_2' title='bbox 125 605 182 664; x_wconf 91' lang='lat' dir='ltr'>unt</span> <span class='ocrx_word' id='word_1_3' title='bbox 199 601 237 664; x_wconf 85' lang='lat' dir='ltr'>ex</span> <span class='ocrx_word' id='word_1_4' title='bbox 251 597 412 684; x_wconf 87' lang='lat' dir='ltr'>loquentis</span> <span class='ocrx_word' id='word_1_5' title='bbox 429 598 579 682; x_wconf 89' lang='lat' dir='ltr'>consilio,</span> <span class='ocrx_word' id='word_1_6' title='bbox 604 599 655 665; x_wconf 89' lang='lat' dir='ltr'>oui</span> <span class='ocrx_word' id='word_1_7' title='bbox 671 597 899 665; x_wconf 88' lang='lat' dir='ltr'>accommodari</span> <span class='ocrx_word' id='word_1_8' title='bbox 921 615 1024 664; x_wconf 83' lang='lat' dir='ltr'>rerum</span> <span class='ocrx_word' id='word_1_9' title='bbox 1043 603 1075 664; x_wconf 89' lang='lat' dir='ltr'>et</span> <span class='ocrx_word' id='word_1_10' title='bbox 1099 598 1314 684; x_wconf 87' lang='lat' dir='ltr'>adjunctorum</span> 
     </span>
     <span class='ocr_line' id='line_1_3' title="bbox 126 707 953 798; baseline -0.001 -26"><span class='ocrx_word' id='word_1_11' title='bbox 126 707 269 772; x_wconf 88' lang='lat' dir='ltr'>delectus</span> <span class='ocrx_word' id='word_1_12' title='bbox 285 707 336 771; x_wconf 89' lang='lat' dir='ltr'>vel</span> <span class='ocrx_word' id='word_1_13' title='bbox 353 707 445 772; x_wconf 88' lang='lat' dir='ltr'>etiam</span> <span class='ocrx_word' id='word_1_14' title='bbox 462 707 607 772; x_wconf 90' lang='lat' dir='ltr'>narrandi</span> <span class='ocrx_word' id='word_1_15' title='bbox 622 709 700 772; x_wconf 90' lang='lat' dir='ltr'>ordo</span> <span class='ocrx_word' id='word_1_16' title='bbox 717 708 800 772; x_wconf 90' lang='lat' dir='ltr'>solet</span> <span class='ocrx_word' id='word_1_17' title='bbox 812 707 855 796; x_wconf 77' lang='lat'>²).</span> <span class='ocrx_word' id='word_1_18' title='bbox 951 793 953 798; x_wconf 23' lang='grc' dir='ltr'>Ι</span> 
     </span>
    </p>

    <p class='ocr_par' dir='ltr' id='par_1_3' title="bbox 125 815 1321 1877">
     <span class='ocr_line' id='line_1_4' title="bbox 218 815 1314 902; baseline 0.005 -24"><span class='ocrx_word' id='word_1_19' title='bbox 218 817 327 900; x_wconf 87' lang='lat' dir='ltr'>ltaque</span> <span class='ocrx_word' id='word_1_20' title='bbox 361 817 399 880; x_wconf 88' lang='lat' dir='ltr'>ad</span> <span class='ocrx_word' id='word_1_21' title='bbox 432 815 611 900; x_wconf 89' lang='lat' dir='ltr'>hujusmodi</span> <span class='ocrx_word' id='word_1_22' title='bbox 644 836 764 902; x_wconf 80' lang='lat' dir='ltr'>pugnas</span> <span class='ocrx_word' id='word_1_23' title='bbox 790 815 947 881; x_wconf 87' lang='lat' dir='ltr'>tollendas</span> <span class='ocrx_word' id='word_1_24' title='bbox 974 815 1130 900; x_wconf 81' lang='lat' dir='ltr'>interpres</span> <span class='ocrx_word' id='word_1_25' title='bbox 1157 815 1314 902; x_wconf 74' lang='lat' dir='ltr'>dispiciat,</span> 
     </span>
     <span class='ocr_line' id='line_1_5' title="bbox 128 923 1316 1006; baseline 0.002 -20"><span class='ocrx_word' id='word_1_26' title='bbox 128 944 279 1006; x_wconf 75' lang='lat' dir='ltr'>quaenam</span> <span class='ocrx_word' id='word_1_27' title='bbox 291 923 428 1006; x_wconf 79' lang='lat' dir='ltr'>ejusdcm</span> <span class='ocrx_word' id='word_1_28' title='bbox 443 925 521 988; x_wconf 83' lang='lat' dir='ltr'>lacti</span> <span class='ocrx_word' id='word_1_29' title='bbox 532 926 785 990; x_wconf 78' lang='lat' dir='ltr'>circumstantiae</span> <span class='ocrx_word' id='word_1_30' title='bbox 798 925 830 988; x_wconf 93' lang='lat' dir='ltr'>in</span> <span class='ocrx_word' id='word_1_31' title='bbox 843 925 976 991; x_wconf 84' lang='lat' dir='ltr'>diversis</span> <span class='ocrx_word' id='word_1_32' title='bbox 991 924 1197 992; x_wconf 76' lang='lat' dir='ltr'>relationibus</span> <span class='ocrx_word' id='word_1_33' title='bbox 1212 925 1316 992; x_wconf 89' lang='lat' dir='ltr'>obiter</span> 
     </span>
     <span class='ocr_line' id='line_1_6' title="bbox 126 1031 1316 1118; baseline 0.001 -23"><span class='ocrx_word' id='word_1_34' title='bbox 126 1036 250 1096; x_wconf 83' lang='lat' dir='ltr'>tautum</span> <span class='ocrx_word' id='word_1_35' title='bbox 265 1034 299 1092; x_wconf 89' lang='lat' dir='ltr'>et</span> <span class='ocrx_word' id='word_1_36' title='bbox 313 1031 417 1096; x_wconf 83' lang='lat' dir='ltr'>minas</span> <span class='ocrx_word' id='word_1_37' title='bbox 434 1039 581 1098; x_wconf 87' lang='lat' dir='ltr'>accurate</span> <span class='ocrx_word' id='word_1_38' title='bbox 598 1033 768 1118; x_wconf 73' lang='lat' dir='ltr'>expositae,</span> <span class='ocrx_word' id='word_1_39' title='bbox 792 1033 841 1096; x_wconf 83' lang='lat' dir='ltr'>rel</span> <span class='ocrx_word' id='word_1_40' title='bbox 856 1052 989 1118; x_wconf 88' lang='lat' dir='ltr'>prorsus</span> <span class='ocrx_word' id='word_1_41' title='bbox 1006 1032 1142 1096; x_wconf 86' lang='lat' dir='ltr'>omissae</span> <span class='ocrx_word' id='word_1_42' title='bbox 1157 1033 1237 1112; x_wconf 86' lang='lat' dir='ltr'>siut,</span> <span class='ocrx_word' id='word_1_43' title='bbox 1262 1038 1316 1098; x_wconf 87' lang='lat' dir='ltr'>aut</span> 
     </span>
     <span class='ocr_line' id='line_1_7' title="bbox 127 1139 1316 1225; baseline 0.003 -23"><span class='ocrx_word' id='word_1_44' title='bbox 127 1155 278 1224; x_wconf 77' lang='lat' dir='ltr'>quaenam</span> <span class='ocrx_word' id='word_1_45' title='bbox 291 1139 417 1202; x_wconf 86' lang='lat' dir='ltr'>consilii</span> <span class='ocrx_word' id='word_1_46' title='bbox 433 1140 598 1204; x_wconf 86' lang='lat' dir='ltr'>diversitas</span> <span class='ocrx_word' id='word_1_47' title='bbox 615 1142 844 1225; x_wconf 77' lang='lat' dir='ltr'>discrepantiae</span> <span class='ocrx_word' id='word_1_48' title='bbox 858 1141 1055 1206; x_wconf 81' lang='lat' dir='ltr'>occasionem</span> <span class='ocrx_word' id='word_1_49' title='bbox 1072 1141 1203 1206; x_wconf 88' lang='lat' dir='ltr'>dederit.</span> <span class='ocrx_word' id='word_1_50' title='bbox 1230 1144 1316 1221; x_wconf 79' lang='lat' dir='ltr'>Quae</span> 
     </span>
     <span class='ocr_line' id='line_1_8' title="bbox 125 1245 1318 1336; baseline 0.002 -24"><span class='ocrx_word' id='word_1_51' title='bbox 125 1245 203 1312; x_wconf 90' lang='lat' dir='ltr'>licet</span> <span class='ocrx_word' id='word_1_52' title='bbox 231 1247 313 1311; x_wconf 91' lang='lat' dir='ltr'>haud</span> <span class='ocrx_word' id='word_1_53' title='bbox 337 1267 412 1312; x_wconf 89' lang='lat' dir='ltr'>raro</span> <span class='ocrx_word' id='word_1_54' title='bbox 443 1248 537 1312; x_wconf 85' lang='lat' dir='ltr'>facile</span> <span class='ocrx_word' id='word_1_55' title='bbox 565 1250 766 1336; x_wconf 79' lang='lat' dir='ltr'>detegantur,</span> <span class='ocrx_word' id='word_1_56' title='bbox 803 1250 878 1314; x_wconf 87' lang='lat' dir='ltr'>alibi</span> <span class='ocrx_word' id='word_1_57' title='bbox 904 1256 1008 1314; x_wconf 87' lang='lat' dir='ltr'>tamen</span> <span class='ocrx_word' id='word_1_58' title='bbox 1037 1249 1139 1314; x_wconf 90' lang='lat' dir='ltr'>omnia</span> <span class='ocrx_word' id='word_1_59' title='bbox 1172 1249 1318 1334; x_wconf 89' lang='lat' dir='ltr'>adjuncta</span> 
     </span>
     <span class='ocr_line' id='line_1_9' title="bbox 128 1343 1316 1446; baseline 0 -24"><span class='ocrx_word' id='word_1_60' title='bbox 128 1343 269 1424; x_wconf 80' lang='lat' dir='ltr'>solerter</span> <span class='ocrx_word' id='word_1_61' title='bbox 297 1358 496 1441; x_wconf 84' lang='lat' dir='ltr'>expendenda</span> <span class='ocrx_word' id='word_1_62' title='bbox 522 1365 610 1438; x_wconf 91' lang='lat' dir='ltr'>sunt,</span> <span class='ocrx_word' id='word_1_63' title='bbox 639 1364 674 1424; x_wconf 91' lang='lat' dir='ltr'>ut</span> <span class='ocrx_word' id='word_1_64' title='bbox 700 1380 804 1446; x_wconf 76' lang='lat' dir='ltr'>pugna</span> <span class='ocrx_word' id='word_1_65' title='bbox 829 1363 1046 1440; x_wconf 80' lang='lat' dir='ltr'>removeatur3</span> <span class='ocrx_word' id='word_1_66' title='bbox 1069 1359 1132 1424; x_wconf 90' lang='lat' dir='ltr'>imo</span> <span class='ocrx_word' id='word_1_67' title='bbox 1159 1359 1316 1423; x_wconf 90' lang='lat' dir='ltr'>interdum</span> 
     </span>
     <span class='ocr_line' id='line_1_10' title="bbox 128 1465 1319 1552; baseline 0 -22"><span class='ocrx_word' id='word_1_68' title='bbox 128 1465 336 1550; x_wconf 77' lang='lat' dir='ltr'>interpretem</span> <span class='ocrx_word' id='word_1_69' title='bbox 364 1465 433 1532; x_wconf 89' lang='lat' dir='ltr'>sola</span> <span class='ocrx_word' id='word_1_70' title='bbox 460 1465 643 1550; x_wconf 86' lang='lat' dir='ltr'>conjectura</span> <span class='ocrx_word' id='word_1_71' title='bbox 672 1471 852 1532; x_wconf 88' lang='lat' dir='ltr'>contentum</span> <span class='ocrx_word' id='word_1_72' title='bbox 880 1485 952 1532; x_wconf 88' lang='lat' dir='ltr'>esee</span> <span class='ocrx_word' id='word_1_73' title='bbox 980 1466 1161 1552; x_wconf 64' lang='lat' dir='ltr'>oportettl.</span> <span class='ocrx_word' id='word_1_74' title='bbox 1198 1467 1319 1547; x_wconf 80' lang='lat' dir='ltr'>Quodsi</span> 
     </span>
     <span class='ocr_line' id='line_1_11' title="bbox 128 1572 1321 1660; baseline 0.003 -24"><span class='ocrx_word' id='word_1_75' title='bbox 128 1573 204 1637; x_wconf 89' lang='lat' dir='ltr'>binc</span> <span class='ocrx_word' id='word_1_76' title='bbox 220 1574 295 1636; x_wconf 91' lang='lat' dir='ltr'>inde</span> <span class='ocrx_word' id='word_1_77' title='bbox 310 1572 343 1634; x_wconf 93' lang='lat' dir='ltr'>in</span> <span class='ocrx_word' id='word_1_78' title='bbox 358 1573 590 1638; x_wconf 85' lang='lat' dir='ltr'>narrationibus</span> <span class='ocrx_word' id='word_1_79' title='bbox 605 1572 707 1655; x_wconf 84' lang='lat' dir='ltr'>lictis,</span> <span class='ocrx_word' id='word_1_80' title='bbox 730 1579 806 1660; x_wconf 86' lang='lat' dir='ltr'>puto</span> <span class='ocrx_word' id='word_1_81' title='bbox 826 1574 858 1636; x_wconf 92' lang='lat' dir='ltr'>in</span> <span class='ocrx_word' id='word_1_82' title='bbox 878 1573 1055 1658; x_wconf 82' lang='lat' dir='ltr'>parabolis,</span> <span class='ocrx_word' id='word_1_83' title='bbox 1080 1575 1229 1656; x_wconf 81' lang='lat' dir='ltr'>quaedam</span> <span class='ocrx_word' id='word_1_84' title='bbox 1254 1574 1321 1640; x_wconf 88' lang='lat' dir='ltr'>dis-</span> 
     </span>
     <span class='ocr_line' id='line_1_12' title="bbox 131 1681 1319 1768; baseline 0 -20"><span class='ocrx_word' id='word_1_85' title='bbox 131 1688 279 1768; x_wconf 89' lang='lat' dir='ltr'>crepant,</span> <span class='ocrx_word' id='word_1_86' title='bbox 303 1681 354 1745; x_wconf 86' lang='lat' dir='ltr'>vix</span> <span class='ocrx_word' id='word_1_87' title='bbox 370 1689 434 1764; x_wconf 85' lang='lat' dir='ltr'>cst,</span> <span class='ocrx_word' id='word_1_88' title='bbox 460 1703 516 1745; x_wconf 90' lang='lat' dir='ltr'>cur</span> <span class='ocrx_word' id='word_1_89' title='bbox 533 1688 663 1766; x_wconf 90' lang='lat' dir='ltr'>quaerat</span> <span class='ocrx_word' id='word_1_90' title='bbox 680 1682 851 1768; x_wconf 87' lang='lat' dir='ltr'>quispiam,</span> <span class='ocrx_word' id='word_1_91' title='bbox 877 1682 952 1766; x_wconf 94' lang='lat' dir='ltr'>quid</span> <span class='ocrx_word' id='word_1_92' title='bbox 967 1683 1134 1746; x_wconf 88' lang='lat' dir='ltr'>tenendum</span> <span class='ocrx_word' id='word_1_93' title='bbox 1150 1683 1211 1764; x_wconf 86' lang='lat' dir='ltr'>sit,</span> <span class='ocrx_word' id='word_1_94' title='bbox 1235 1684 1319 1748; x_wconf 90' lang='lat' dir='ltr'>eiad</span> 
     </span>
     <span class='ocr_line' id='line_1_13' title="bbox 132 1788 811 1877; baseline -0.001 -22"><span class='ocrx_word' id='word_1_95' title='bbox 132 1789 300 1854; x_wconf 88' lang='lat' dir='ltr'>consilium</span> <span class='ocrx_word' id='word_1_96' title='bbox 317 1810 410 1854; x_wconf 88' lang='lat' dir='ltr'>unum</span> <span class='ocrx_word' id='word_1_97' title='bbox 428 1797 459 1856; x_wconf 90' lang='lat' dir='ltr'>et</span> <span class='ocrx_word' id='word_1_98' title='bbox 475 1791 607 1856; x_wconf 91' lang='lat' dir='ltr'>alterum</span> <span class='ocrx_word' id='word_1_99' title='bbox 623 1788 811 1877; x_wconf 75' lang='lat' dir='ltr'>quadrata).</span> 
     </span>
    </p>

    <p class='ocr_par' dir='ltr' id='par_1_4' title="bbox 127 1897 1322 2530">
     <span class='ocr_line' id='line_1_14' title="bbox 219 1897 1318 1984; baseline 0.001 -23"><span class='ocrx_word' id='word_1_100' title='bbox 219 1899 311 1977; x_wconf 77' lang='lat' dir='ltr'>Quod</span> <span class='ocrx_word' id='word_1_101' title='bbox 336 1897 450 1964; x_wconf 91' lang='lat' dir='ltr'>attinet</span> <span class='ocrx_word' id='word_1_102' title='bbox 477 1919 596 1984; x_wconf 81' lang='lat' dir='ltr'>pugnas</span> <span class='ocrx_word' id='word_1_103' title='bbox 623 1898 776 1963; x_wconf 86' lang='lat' dir='ltr'>historiae</span> <span class='ocrx_word' id='word_1_104' title='bbox 803 1919 911 1962; x_wconf 90' lang='lat' dir='ltr'>sacrae</span> <span class='ocrx_word' id='word_1_105' title='bbox 929 1919 997 1962; x_wconf 92' lang='lat' dir='ltr'>oum</span> <span class='ocrx_word' id='word_1_106' title='bbox 1021 1897 1155 1962; x_wconf 87' lang='lat' dir='ltr'>historia</span> <span class='ocrx_word' id='word_1_107' title='bbox 1175 1897 1318 1982; x_wconf 86' lang='lat' dir='ltr'>profana,</span> 
     </span>
     <span class='ocr_line' id='line_1_15' title="bbox 127 2007 1322 2092; baseline 0 -22"><span class='ocrx_word' id='word_1_108' title='bbox 127 2007 273 2072; x_wconf 89' lang='lat' dir='ltr'>narratio</span> <span class='ocrx_word' id='word_1_109' title='bbox 291 2007 477 2092; x_wconf 82' lang='lat' dir='ltr'>Scripturas</span> <span class='ocrx_word' id='word_1_110' title='bbox 504 2007 693 2087; x_wconf 83' lang='lat' dir='ltr'>auctoritate</span> <span class='ocrx_word' id='word_1_111' title='bbox 714 2007 814 2074; x_wconf 89' lang='lat' dir='ltr'>solum</span> <span class='ocrx_word' id='word_1_112' title='bbox 841 2007 974 2072; x_wconf 88' lang='lat' dir='ltr'>bumana</span> <span class='ocrx_word' id='word_1_113' title='bbox 991 2007 1188 2072; x_wconf 87' lang='lat' dir='ltr'>considerata</span> <span class='ocrx_word' id='word_1_114' title='bbox 1211 2026 1322 2070; x_wconf 88' lang='lat' dir='ltr'>narra-</span> 
     </span>
     <span class='ocr_line' id='line_1_16' title="bbox 128 2113 1320 2201; baseline -0.001 -22"><span class='ocrx_word' id='word_1_115' title='bbox 128 2116 212 2181; x_wconf 92' lang='lat' dir='ltr'>tioni</span> <span class='ocrx_word' id='word_1_116' title='bbox 243 2116 412 2200; x_wconf 89' lang='lat' dir='ltr'>scriptoris</span> <span class='ocrx_word' id='word_1_117' title='bbox 449 2117 573 2201; x_wconf 80' lang='lat' dir='ltr'>profani</span> <span class='ocrx_word' id='word_1_118' title='bbox 603 2117 790 2201; x_wconf 88' lang='lat' dir='ltr'>praecedat,</span> <span class='ocrx_word' id='word_1_119' title='bbox 829 2115 857 2178; x_wconf 93' lang='lat' dir='ltr'>si</span> <span class='ocrx_word' id='word_1_120' title='bbox 892 2115 1055 2198; x_wconf 87' lang='lat' dir='ltr'>utriusque</span> <span class='ocrx_word' id='word_1_121' title='bbox 1085 2113 1203 2178; x_wconf 86' lang='lat' dir='ltr'>veritas</span> <span class='ocrx_word' id='word_1_122' title='bbox 1234 2118 1320 2178; x_wconf 88' lang='lat' dir='ltr'>sture</span> 
     </span>
     <span class='ocr_line' id='line_1_17' title="bbox 129 2220 1322 2309; baseline -0.002 -22"><span class='ocrx_word' id='word_1_123' title='bbox 129 2223 240 2307; x_wconf 90' lang='lat' dir='ltr'>nequit</span> <span class='ocrx_word' id='word_1_124' title='bbox 253 2225 295 2309; x_wconf 58' lang='grc' dir='ltr'>ὅ).</span> <span class='ocrx_word' id='word_1_125' title='bbox 347 2225 427 2289; x_wconf 75' lang='lat' dir='ltr'>Fere</span> <span class='ocrx_word' id='word_1_126' title='bbox 461 2225 563 2290; x_wconf 85' lang='lat' dir='ltr'>ubivis</span> <span class='ocrx_word' id='word_1_127' title='bbox 591 2230 693 2290; x_wconf 88' lang='lat' dir='ltr'>autem</span> <span class='ocrx_word' id='word_1_128' title='bbox 725 2224 896 2289; x_wconf 86' lang='lat' dir='ltr'>relationes</span> <span class='ocrx_word' id='word_1_129' title='bbox 931 2223 1065 2287; x_wconf 86' lang='lat' dir='ltr'>biblicae</span> <span class='ocrx_word' id='word_1_130' title='bbox 1096 2220 1322 2287; x_wconf 78' lang='lat' dir='ltr'>confirmantur</span> 
     </span>
     <span class='ocr_line' id='line_1_18' title="bbox 127 2329 1318 2419; baseline 0.002 -25"><span class='ocrx_word' id='word_1_131' title='bbox 127 2331 270 2416; x_wconf 80' lang='lat' dir='ltr'>profanis</span> <span class='ocrx_word' id='word_1_132' title='bbox 291 2331 452 2417; x_wconf 87' lang='lat' dir='ltr'>historiis,</span> <span class='ocrx_word' id='word_1_133' title='bbox 477 2353 555 2418; x_wconf 88' lang='lat' dir='ltr'>quaa</span> <span class='ocrx_word' id='word_1_134' title='bbox 578 2332 641 2398; x_wconf 88' lang='lat' dir='ltr'>tide</span> <span class='ocrx_word' id='word_1_135' title='bbox 657 2332 770 2419; x_wconf 80' lang='lat' dir='ltr'>dignae</span> <span class='ocrx_word' id='word_1_136' title='bbox 789 2337 884 2412; x_wconf 87' lang='lat' dir='ltr'>eant,</span> <span class='ocrx_word' id='word_1_137' title='bbox 909 2339 964 2398; x_wconf 90' lang='lat' dir='ltr'>aut</span> <span class='ocrx_word' id='word_1_138' title='bbox 986 2329 1214 2416; x_wconf 85' lang='lat' dir='ltr'>discrepantiae</span> <span class='ocrx_word' id='word_1_139' title='bbox 1236 2332 1318 2396; x_wconf 89' lang='lat' dir='ltr'>haud</span> 
     </span>
     <span class='ocr_line' id='line_1_19' title="bbox 128 2437 538 2530; baseline 0 -26"><span class='ocrx_word' id='word_1_140' title='bbox 128 2437 303 2504; x_wconf 82' lang='lat' dir='ltr'>difficulter</span> <span class='ocrx_word' id='word_1_141' title='bbox 319 2440 484 2504; x_wconf 84' lang='lat' dir='ltr'>solvuntur</span> <span class='ocrx_word' id='word_1_142' title='bbox 495 2440 538 2530; x_wconf 74' lang='lat'>⁶).</span> 
     </span>
    </p>

    <p class='ocr_par' dir='ltr' id='par_1_5' title="bbox 129 2543 1322 2745">
     <span class='ocr_line' id='line_1_20' title="bbox 224 2543 1322 2634; baseline -0.002 -22"><span class='ocrx_word' id='word_1_143' title='bbox 224 2547 449 2634; x_wconf 84' lang='lat' dir='ltr'>Nonnunquam</span> <span class='ocrx_word' id='word_1_144' title='bbox 472 2549 704 2614; x_wconf 81' lang='lat' dir='ltr'>narrationibus</span> <span class='ocrx_word' id='word_1_145' title='bbox 724 2549 851 2615; x_wconf 85' lang='lat' dir='ltr'>bibliois</span> <span class='ocrx_word' id='word_1_146' title='bbox 873 2547 965 2614; x_wconf 89' lang='lat' dir='ltr'>etiam</span> <span class='ocrx_word' id='word_1_147' title='bbox 989 2547 1193 2614; x_wconf 81' lang='lat' dir='ltr'>difficultates</span> <span class='ocrx_word' id='word_1_148' title='bbox 1210 2543 1322 2630; x_wconf 81' lang='lat' dir='ltr'>objici-</span> 
     </span>
     <span class='ocr_line' id='line_1_21' title="bbox 129 2655 625 2745; baseline 0 -24"><span class='ocrx_word' id='word_1_149' title='bbox 129 2661 243 2736; x_wconf 85' lang='lat' dir='ltr'>untur,</span> <span class='ocrx_word' id='word_1_150' title='bbox 260 2675 339 2741; x_wconf 89' lang='lat' dir='ltr'>quae</span> <span class='ocrx_word' id='word_1_151' title='bbox 354 2675 417 2721; x_wconf 89' lang='lat' dir='ltr'>non</span> <span class='ocrx_word' id='word_1_152' title='bbox 434 2658 572 2722; x_wconf 84' lang='lat' dir='ltr'>existunt</span> <span class='ocrx_word' id='word_1_153' title='bbox 582 2655 625 2745; x_wconf 81' lang='lat'>⁷).</span> 
     </span>
    </p>
   </div>
   <div class='ocr_carea' id='block_1_3' title="bbox 153 2807 1321 4690">
    <p class='ocr_par' dir='ltr' id='par_1_6' title="bbox 157 2807 1321 4058">
     <span class='ocr_line' id='line_1_22' title="bbox 157 2807 1320 2888; baseline 0.003 -21"><span class='ocrx_word' id='word_1_154' title='bbox 157 2816 183 2882; x_wconf 85' lang='lat'>¹)</span> <span class='ocrx_word' id='word_1_155' title='bbox 204 2822 274 2868; x_wconf 74' lang='lat' dir='ltr'>&#39;faita</span> <span class='ocrx_word' id='word_1_156' title='bbox 294 2825 372 2868; x_wconf 82' lang='lat' dir='ltr'>suot:</span> <span class='ocrx_word' id='word_1_157' title='bbox 400 2823 487 2869; x_wconf 86' lang='lat' dir='ltr'>idattb.</span> <span class='ocrx_word' id='word_1_158' title='bbox 506 2807 597 2885; x_wconf 67' lang='lat' dir='ltr'>XXVI,</span> <span class='ocrx_word' id='word_1_159' title='bbox 617 2825 643 2870; x_wconf 85' lang='lat'>8.</span> <span class='ocrx_word' id='word_1_160' title='bbox 667 2824 789 2872; x_wconf 80' lang='lat' dir='ltr'>Videotea</span> <span class='ocrx_word' id='word_1_161' title='bbox 812 2827 900 2871; x_wconf 85' lang='lat' dir='ltr'>cutem</span> <span class='ocrx_word' id='word_1_162' title='bbox 924 2825 1054 2888; x_wconf 79' lang='lat' dir='ltr'>discipuli</span> <span class='ocrx_word' id='word_1_163' title='bbox 1077 2827 1235 2886; x_wconf 87' lang='lat' dir='ltr'>(unctionem</span> <span class='ocrx_word' id='word_1_164' title='bbox 1255 2822 1320 2871; x_wconf 76' lang='lat' dir='ltr'>lesu</span> 
     </span>
     <span class='ocr_line' id='line_1_23' title="bbox 202 2911 1317 2975; baseline 0.001 -17"><span class='ocrx_word' id='word_1_165' title='bbox 202 2911 364 2970; x_wconf 71' lang='lat' dir='ltr'>paritoriam</span> <span class='ocrx_word' id='word_1_166' title='bbox 372 2913 593 2960; x_wconf 83' lang='lat' dir='ltr'>basarisororem</span> <span class='ocrx_word' id='word_1_167' title='bbox 613 2913 717 2972; x_wconf 81' lang='lat' dir='ltr'>iactam)</span> <span class='ocrx_word' id='word_1_168' title='bbox 737 2914 872 2975; x_wconf 76' lang='lat' dir='ltr'>iadtqnuts&#39;</span> <span class='ocrx_word' id='word_1_169' title='bbox 890 2921 969 2969; x_wconf 57' lang='lat' dir='ltr'>suan·</span> <span class='ocrx_word' id='word_1_170' title='bbox 991 2918 1096 2962; x_wconf 89' lang='lat' dir='ltr'>atteete</span> <span class='ocrx_word' id='word_1_171' title='bbox 1110 2913 1272 2973; x_wconf 83' lang='lat' dir='ltr'>JoanneXii,</span> <span class='ocrx_word' id='word_1_172' title='bbox 1292 2915 1317 2960; x_wconf 78' lang='lat' dir='ltr'>t.</span> 
     </span>
     <span class='ocr_line' id='line_1_24' title="bbox 200 3003 1316 3064; baseline 0.001 -17"><span class='ocrx_word' id='word_1_173' title='bbox 200 3013 255 3048; x_wconf 88' lang='lat' dir='ltr'>rem</span> <span class='ocrx_word' id='word_1_174' title='bbox 275 3003 418 3049; x_wconf 84' lang='lat' dir='ltr'>accuratius</span> <span class='ocrx_word' id='word_1_175' title='bbox 441 3005 591 3058; x_wconf 81' lang='lat' dir='ltr'>referente,</span> <span class='ocrx_word' id='word_1_176' title='bbox 610 3003 691 3050; x_wconf 85' lang='lat' dir='ltr'>ludas</span> <span class='ocrx_word' id='word_1_177' title='bbox 711 3006 799 3064; x_wconf 86' lang='lat' dir='ltr'>eolus,</span> <span class='ocrx_word' id='word_1_178' title='bbox 820 3003 863 3064; x_wconf 89' lang='lat' dir='ltr'>qul</span> <span class='ocrx_word' id='word_1_179' title='bbox 882 3003 930 3050; x_wconf 80' lang='lat' dir='ltr'>tuit</span> <span class='ocrx_word' id='word_1_180' title='bbox 949 3017 980 3052; x_wconf 87' lang='lat' dir='ltr'>ex</span> <span class='ocrx_word' id='word_1_181' title='bbox 997 3005 1098 3051; x_wconf 70' lang='lat' dir='ltr'>*ordine</span> <span class='ocrx_word' id='word_1_182' title='bbox 1117 3003 1316 3063; x_wconf 85' lang='lat' dir='ltr'>discipulorum,</span> 
     </span>
     <span class='ocr_line' id='line_1_25' title="bbox 201 3093 1321 3156; baseline 0 -16"><span class='ocrx_word' id='word_1_183' title='bbox 201 3095 392 3153; x_wconf 69' lang='lat' dir='ltr'>indignabatur.</span> <span class='ocrx_word' id='word_1_184' title='bbox 416 3093 485 3142; x_wconf 84' lang='lat' dir='ltr'>Idem</span> <span class='ocrx_word' id='word_1_185' title='bbox 504 3095 629 3144; x_wconf 80' lang='lat' dir='ltr'>observes</span> <span class='ocrx_word' id='word_1_186' title='bbox 653 3097 724 3144; x_wconf 86' lang='lat' dir='ltr'>circa</span> <span class='ocrx_word' id='word_1_187' title='bbox 743 3097 923 3156; x_wconf 85' lang='lat' dir='ltr'>blasphemiam</span> <span class='ocrx_word' id='word_1_188' title='bbox 943 3111 958 3144; x_wconf 89' lang='lat' dir='ltr'>a</span> <span class='ocrx_word' id='word_1_189' title='bbox 981 3097 1071 3144; x_wconf 68' lang='lat' dir='ltr'>Mamb-</span> <span class='ocrx_word' id='word_1_190' title='bbox 1096 3095 1202 3156; x_wconf 80' lang='lat' dir='ltr'>XXVii,</span> <span class='ocrx_word' id='word_1_191' title='bbox 1232 3096 1274 3141; x_wconf 76' lang='lat' dir='ltr'>tt.</span> <span class='ocrx_word' id='word_1_192' title='bbox 1294 3101 1321 3141; x_wconf 86' lang='lat' dir='ltr'>ot</span> 
     </span>
     <span class='ocr_line' id='line_1_26' title="bbox 202 3183 1318 3248; baseline 0 -18"><span class='ocrx_word' id='word_1_193' title='bbox 202 3183 283 3232; x_wconf 85' lang='lat' dir='ltr'>idarc.</span> <span class='ocrx_word' id='word_1_194' title='bbox 300 3183 353 3243; x_wconf 80' lang='lat' dir='ltr'>XV,</span> <span class='ocrx_word' id='word_1_195' title='bbox 374 3185 418 3232; x_wconf 75' lang='lat'>82.</span> <span class='ocrx_word' id='word_1_196' title='bbox 436 3185 581 3232; x_wconf 82' lang='lat' dir='ltr'>latronibus</span> <span class='ocrx_word' id='word_1_197' title='bbox 597 3189 736 3246; x_wconf 70' lang='lat' dir='ltr'>generatim</span> <span class='ocrx_word' id='word_1_198' title='bbox 758 3186 934 3248; x_wconf 72' lang='lat' dir='ltr'>adscriptam,</span> <span class='ocrx_word' id='word_1_199' title='bbox 954 3187 1028 3247; x_wconf 84' lang='lat' dir='ltr'>eujus</span> <span class='ocrx_word' id='word_1_200' title='bbox 1044 3187 1121 3246; x_wconf 83' lang='lat' dir='ltr'>juxta</span> <span class='ocrx_word' id='word_1_201' title='bbox 1131 3187 1318 3232; x_wconf 84' lang='lat' dir='ltr'>accuratiorem</span> 
     </span>
     <span class='ocr_line' id='line_1_27' title="bbox 204 3273 1318 3334; baseline 0.001 -15"><span class='ocrx_word' id='word_1_202' title='bbox 204 3275 376 3322; x_wconf 87' lang='lat' dir='ltr'>narrationem</span> <span class='ocrx_word' id='word_1_203' title='bbox 401 3275 486 3322; x_wconf 78' lang='lat' dir='ltr'>burae</span> <span class='ocrx_word' id='word_1_204' title='bbox 505 3273 595 3332; x_wconf 81' lang='lat' dir='ltr'>xxiii,</span> <span class='ocrx_word' id='word_1_205' title='bbox 617 3276 732 3322; x_wconf 67' lang='grc'>30-42.</span> <span class='ocrx_word' id='word_1_206' title='bbox 759 3277 826 3323; x_wconf 89' lang='lat' dir='ltr'>alter</span> <span class='ocrx_word' id='word_1_207' title='bbox 847 3280 945 3323; x_wconf 86' lang='lat' dir='ltr'>tanturn</span> <span class='ocrx_word' id='word_1_208' title='bbox 965 3288 1027 3324; x_wconf 85' lang='lat' dir='ltr'>reus</span> <span class='ocrx_word' id='word_1_209' title='bbox 1050 3277 1144 3322; x_wconf 87' lang='lat' dir='ltr'>iuerat.</span> <span class='ocrx_word' id='word_1_210' title='bbox 1179 3275 1274 3334; x_wconf 77' lang='lat' dir='ltr'>Quodsi</span> <span class='ocrx_word' id='word_1_211' title='bbox 1292 3275 1318 3320; x_wconf 91' lang='lat' dir='ltr'>in</span> 
     </span>
     <span class='ocr_line' id='line_1_28' title="bbox 203 3363 1317 3422; baseline 0.001 -13"><span class='ocrx_word' id='word_1_212' title='bbox 203 3363 352 3412; x_wconf 84' lang='lat' dir='ltr'>narratione</span> <span class='ocrx_word' id='word_1_213' title='bbox 370 3365 457 3412; x_wconf 84' lang='lat' dir='ltr'>caedis</span> <span class='ocrx_word' id='word_1_214' title='bbox 472 3365 542 3411; x_wconf 77' lang='lat' dir='ltr'>sculi</span> <span class='ocrx_word' id='word_1_215' title='bbox 558 3363 578 3411; x_wconf 89' lang='lat'>1.</span> <span class='ocrx_word' id='word_1_216' title='bbox 598 3363 666 3412; x_wconf 82' lang='lat' dir='ltr'>Sam.</span> <span class='ocrx_word' id='word_1_217' title='bbox 686 3365 770 3422; x_wconf 80' lang='lat' dir='ltr'>XXXI,</span> <span class='ocrx_word' id='word_1_218' title='bbox 792 3368 832 3412; x_wconf 90' lang='grc'>10.</span> <span class='ocrx_word' id='word_1_219' title='bbox 852 3379 902 3412; x_wconf 92' lang='lat' dir='ltr'>non</span> <span class='ocrx_word' id='word_1_220' title='bbox 918 3368 1074 3413; x_wconf 87' lang='lat' dir='ltr'>memoratur</span> <span class='ocrx_word' id='word_1_221' title='bbox 1090 3366 1134 3412; x_wconf 89' lang='lat' dir='ltr'>iile</span> <span class='ocrx_word' id='word_1_222' title='bbox 1153 3365 1317 3417; x_wconf 66' lang='lat' dir='ltr'>amalecites,</span> 
     </span>
     <span class='ocr_line' id='line_1_29' title="bbox 204 3453 1319 3516; baseline 0.002 -18"><span class='ocrx_word' id='word_1_223' title='bbox 204 3455 245 3512; x_wconf 92' lang='lat' dir='ltr'>qui</span> <span class='ocrx_word' id='word_1_224' title='bbox 263 3455 296 3500; x_wconf 89' lang='lat' dir='ltr'>ii.</span> <span class='ocrx_word' id='word_1_225' title='bbox 315 3453 381 3502; x_wconf 78' lang='lat' dir='ltr'>Sam.</span> <span class='ocrx_word' id='word_1_226' title='bbox 401 3453 427 3515; x_wconf 90' lang='lat' dir='ltr'>i,</span> <span class='ocrx_word' id='word_1_227' title='bbox 449 3457 474 3500; x_wconf 92' lang='lat'>1.</span> <span class='ocrx_word' id='word_1_228' title='bbox 495 3467 552 3514; x_wconf 84' lang='lat' dir='ltr'>eqq.</span> <span class='ocrx_word' id='word_1_229' title='bbox 573 3457 704 3516; x_wconf 87' lang='lat' dir='ltr'>occurrit,</span> <span class='ocrx_word' id='word_1_230' title='bbox 725 3457 802 3503; x_wconf 88' lang='lat' dir='ltr'>etiam</span> <span class='ocrx_word' id='word_1_231' title='bbox 820 3457 868 3503; x_wconf 66' lang='lat' dir='ltr'>hoc</span> <span class='ocrx_word' id='word_1_232' title='bbox 886 3459 912 3504; x_wconf 91' lang='lat' dir='ltr'>in</span> <span class='ocrx_word' id='word_1_233' title='bbox 931 3459 990 3504; x_wconf 91' lang='lat' dir='ltr'>ioco</span> <span class='ocrx_word' id='word_1_234' title='bbox 1008 3469 1095 3516; x_wconf 76' lang='lat' dir='ltr'>pugna</span> <span class='ocrx_word' id='word_1_235' title='bbox 1113 3467 1164 3501; x_wconf 90' lang='lat' dir='ltr'>non</span> <span class='ocrx_word' id='word_1_236' title='bbox 1183 3455 1241 3513; x_wconf 85' lang='lat' dir='ltr'>est,</span> <span class='ocrx_word' id='word_1_237' title='bbox 1271 3454 1319 3500; x_wconf 87' lang='lat' dir='ltr'>sed</span> 
     </span>
     <span class='ocr_line' id='line_1_30' title="bbox 202 3544 1317 3606; baseline 0 -17"><span class='ocrx_word' id='word_1_238' title='bbox 202 3544 245 3590; x_wconf 83' lang='lat' dir='ltr'>eei</span> <span class='ocrx_word' id='word_1_239' title='bbox 263 3545 371 3603; x_wconf 87' lang='lat' dir='ltr'>amplior</span> <span class='ocrx_word' id='word_1_240' title='bbox 389 3544 415 3590; x_wconf 87' lang='lat' dir='ltr'>in</span> <span class='ocrx_word' id='word_1_241' title='bbox 433 3547 575 3604; x_wconf 75' lang='lat' dir='ltr'>posteriori</span> <span class='ocrx_word' id='word_1_242' title='bbox 593 3546 650 3592; x_wconf 88' lang='lat' dir='ltr'>loco</span> <span class='ocrx_word' id='word_1_243' title='bbox 669 3548 800 3606; x_wconf 76' lang='lat' dir='ltr'>amatio,</span> <span class='ocrx_word' id='word_1_244' title='bbox 825 3548 868 3594; x_wconf 82' lang='lat' dir='ltr'>sel</span> <span class='ocrx_word' id='word_1_245' title='bbox 887 3547 1039 3595; x_wconf 71' lang='lat' dir='ltr'>amalecites</span> <span class='ocrx_word' id='word_1_246' title='bbox 1058 3545 1114 3600; x_wconf 89' lang='lat' dir='ltr'>bic,</span> <span class='ocrx_word' id='word_1_247' title='bbox 1132 3550 1160 3592; x_wconf 90' lang='lat' dir='ltr'>ut</span> <span class='ocrx_word' id='word_1_248' title='bbox 1178 3544 1317 3591; x_wconf 83' lang='lat' dir='ltr'>verisimile</span> 
     </span>
     <span class='ocr_line' id='line_1_31' title="bbox 203 3632 1318 3698; baseline 0 -16"><span class='ocrx_word' id='word_1_249' title='bbox 203 3635 258 3687; x_wconf 84' lang='lat' dir='ltr'>est,</span> <span class='ocrx_word' id='word_1_250' title='bbox 287 3634 415 3682; x_wconf 80' lang='lat' dir='ltr'>ineundae</span> <span class='ocrx_word' id='word_1_251' title='bbox 439 3635 508 3694; x_wconf 78' lang='lat' dir='ltr'>apud</span> <span class='ocrx_word' id='word_1_252' title='bbox 533 3635 656 3682; x_wconf 68' lang='lat' dir='ltr'>mridem</span> <span class='ocrx_word' id='word_1_253' title='bbox 680 3637 781 3696; x_wconf 74' lang='lat' dir='ltr'>gratiae</span> <span class='ocrx_word' id='word_1_254' title='bbox 804 3647 884 3686; x_wconf 84' lang='lat' dir='ltr'>causa</span> <span class='ocrx_word' id='word_1_255' title='bbox 907 3635 993 3698; x_wconf 82' lang='lat' dir='ltr'>tinxit,</span> <span class='ocrx_word' id='word_1_256' title='bbox 1032 3647 1098 3697; x_wconf 87' lang='lat' dir='ltr'>quse</span> <span class='ocrx_word' id='word_1_257' title='bbox 1126 3635 1253 3684; x_wconf 82' lang='lat' dir='ltr'>narrarit.</span> <span class='ocrx_word' id='word_1_258' title='bbox 1287 3632 1318 3682; x_wconf 75' lang='lat' dir='ltr'>Sl</span> 
     </span>
     <span class='ocr_line' id='line_1_32' title="bbox 202 3725 1317 3790; baseline 0.003 -19"><span class='ocrx_word' id='word_1_259' title='bbox 202 3727 277 3784; x_wconf 88' lang='lat' dir='ltr'>pater</span> <span class='ocrx_word' id='word_1_260' title='bbox 295 3725 364 3772; x_wconf 86' lang='lat' dir='ltr'>lilius</span> <span class='ocrx_word' id='word_1_261' title='bbox 381 3726 541 3786; x_wconf 71' lang='lat' dir='ltr'>barbariae,</span> <span class='ocrx_word' id='word_1_262' title='bbox 566 3728 609 3786; x_wconf 86' lang='lat' dir='ltr'>qui</span> <span class='ocrx_word' id='word_1_263' title='bbox 634 3729 758 3788; x_wconf 87' lang='lat' dir='ltr'>templum</span> <span class='ocrx_word' id='word_1_264' title='bbox 785 3728 816 3790; x_wconf 83' lang='lat'>(1.</span> <span class='ocrx_word' id='word_1_265' title='bbox 838 3742 860 3776; x_wconf 88' lang='lat' dir='ltr'>e.</span> <span class='ocrx_word' id='word_1_266' title='bbox 880 3728 1064 3790; x_wconf 77' lang='lat' dir='ltr'>sanctuarium)</span> <span class='ocrx_word' id='word_1_267' title='bbox 1088 3730 1157 3776; x_wconf 83' lang='lat' dir='ltr'>inter</span> <span class='ocrx_word' id='word_1_268' title='bbox 1183 3731 1210 3776; x_wconf 82' lang='lat' dir='ltr'>et</span> <span class='ocrx_word' id='word_1_269' title='bbox 1237 3729 1317 3776; x_wconf 79' lang='lat' dir='ltr'>altare</span> 
     </span>
     <span class='ocr_line' id='line_1_33' title="bbox 203 3817 1314 3878; baseline 0.002 -16"><span class='ocrx_word' id='word_1_270' title='bbox 203 3817 356 3864; x_wconf 86' lang='lat' dir='ltr'>interemtus</span> <span class='ocrx_word' id='word_1_271' title='bbox 380 3823 437 3878; x_wconf 90' lang='lat' dir='ltr'>est,</span> <span class='ocrx_word' id='word_1_272' title='bbox 467 3817 558 3863; x_wconf 86' lang='lat' dir='ltr'>biattb.</span> <span class='ocrx_word' id='word_1_273' title='bbox 578 3818 671 3874; x_wconf 74' lang='lat' dir='ltr'>xliiii,</span> <span class='ocrx_word' id='word_1_274' title='bbox 701 3819 744 3866; x_wconf 83' lang='grc'>35.</span> <span class='ocrx_word' id='word_1_275' title='bbox 768 3817 863 3866; x_wconf 87' lang='lat' dir='ltr'>dieitur</span> <span class='ocrx_word' id='word_1_276' title='bbox 890 3821 1088 3878; x_wconf 79' lang='lat' dir='ltr'>barachias,</span> <span class='ocrx_word' id='word_1_277' title='bbox 1115 3823 1143 3866; x_wconf 86' lang='lat' dir='ltr'>at</span> <span class='ocrx_word' id='word_1_278' title='bbox 1164 3820 1196 3866; x_wconf 89' lang='lat' dir='ltr'>ii.</span> <span class='ocrx_word' id='word_1_279' title='bbox 1217 3818 1314 3864; x_wconf 73' lang='lat' dir='ltr'>ebron.</span> 
     </span>
     <span class='ocr_line' id='line_1_34' title="bbox 203 3903 1316 3970; baseline 0.003 -19"><span class='ocrx_word' id='word_1_280' title='bbox 203 3903 291 3962; x_wconf 76' lang='lat' dir='ltr'>XXIV,</span> <span class='ocrx_word' id='word_1_281' title='bbox 310 3907 353 3953; x_wconf 77' lang='lat'>20.</span> <span class='ocrx_word' id='word_1_282' title='bbox 373 3919 430 3967; x_wconf 85' lang='lat' dir='ltr'>sqq.</span> <span class='ocrx_word' id='word_1_283' title='bbox 450 3907 466 3952; x_wconf 82' lang='lat' dir='ltr'>J</span> <span class='ocrx_word' id='word_1_284' title='bbox 472 3905 609 3966; x_wconf 83' lang='lat' dir='ltr'>ojadae,</span> <span class='ocrx_word' id='word_1_285' title='bbox 628 3921 678 3954; x_wconf 86' lang='lat' dir='ltr'>nou</span> <span class='ocrx_word' id='word_1_286' title='bbox 693 3913 735 3955; x_wconf 89' lang='lat' dir='ltr'>set</span> <span class='ocrx_word' id='word_1_287' title='bbox 752 3911 900 3956; x_wconf 83' lang='lat' dir='ltr'>necessario</span> <span class='ocrx_word' id='word_1_288' title='bbox 919 3920 1014 3970; x_wconf 74' lang='lat' dir='ltr'>pugna,</span> <span class='ocrx_word' id='word_1_289' title='bbox 1035 3911 1082 3956; x_wconf 88' lang='lat' dir='ltr'>aad</span> <span class='ocrx_word' id='word_1_290' title='bbox 1099 3911 1186 3970; x_wconf 88' lang='lat' dir='ltr'>potius</span> <span class='ocrx_word' id='word_1_291' title='bbox 1205 3913 1316 3968; x_wconf 89' lang='lat' dir='ltr'>utroque</span> 
     </span>
     <span class='ocr_line' id='line_1_35' title="bbox 203 3975 1057 4058; baseline 0.008 -18"><span class='ocrx_word' id='word_1_292' title='bbox 203 3995 255 4041; x_wconf 89' lang='lat' dir='ltr'>iste</span> <span class='ocrx_word' id='word_1_293' title='bbox 274 3997 377 4042; x_wconf 86' lang='lat' dir='ltr'>nomine</span> <span class='ocrx_word' id='word_1_294' title='bbox 396 4001 437 4042; x_wconf 84' lang='lat' dir='ltr'>est</span> <span class='ocrx_word' id='word_1_295' title='bbox 455 3997 634 4058; x_wconf 83' lang='lat' dir='ltr'>compellatus.</span> <span class='ocrx_word' id='word_1_296' title='bbox 1055 3975 1057 3980; x_wconf 21' lang='grc' dir='ltr'>ι</span> 
     </span>
    </p>

    <p class='ocr_par' dir='ltr' id='par_1_7' title="bbox 157 4078 1317 4406">
     <span class='ocr_line' id='line_1_36' title="bbox 157 4078 1317 4150; baseline 0.003 -20"><span class='ocrx_word' id='word_1_297' title='bbox 157 4078 184 4146; x_wconf 75' lang='lat'>²)</span> <span class='ocrx_word' id='word_1_298' title='bbox 203 4085 278 4142; x_wconf 88' lang='lat' dir='ltr'>iiinc,</span> <span class='ocrx_word' id='word_1_299' title='bbox 298 4087 357 4146; x_wconf 90' lang='lat' dir='ltr'>quia</span> <span class='ocrx_word' id='word_1_300' title='bbox 371 4085 514 4135; x_wconf 86' lang='lat' dir='ltr'>bisttbaeue</span> <span class='ocrx_word' id='word_1_301' title='bbox 534 4099 549 4134; x_wconf 89' lang='lat' dir='ltr'>e</span> <span class='ocrx_word' id='word_1_302' title='bbox 567 4089 678 4136; x_wconf 90' lang='lat' dir='ltr'>consilio</span> <span class='ocrx_word' id='word_1_303' title='bbox 697 4101 745 4136; x_wconf 88' lang='lat' dir='ltr'>suc</span> <span class='ocrx_word' id='word_1_304' title='bbox 764 4099 809 4137; x_wconf 90' lang='lat' dir='ltr'>res</span> <span class='ocrx_word' id='word_1_305' title='bbox 828 4090 914 4147; x_wconf 84' lang='lat' dir='ltr'>potius</span> <span class='ocrx_word' id='word_1_306' title='bbox 933 4089 1015 4150; x_wconf 87' lang='lat' dir='ltr'>ipsas,</span> <span class='ocrx_word' id='word_1_307' title='bbox 1034 4101 1110 4150; x_wconf 85' lang='lat' dir='ltr'>quam</span> <span class='ocrx_word' id='word_1_308' title='bbox 1129 4089 1243 4136; x_wconf 82' lang='lat' dir='ltr'>ordinem</span> <span class='ocrx_word' id='word_1_309' title='bbox 1250 4093 1317 4148; x_wconf 86' lang='lat' dir='ltr'>tem·</span> 
     </span>
     <span class='ocr_line' id='line_1_37' title="bbox 202 4175 1316 4238; baseline -0.001 -16"><span class='ocrx_word' id='word_1_310' title='bbox 202 4175 277 4234; x_wconf 87' lang='lat' dir='ltr'>ports</span> <span class='ocrx_word' id='word_1_311' title='bbox 296 4176 416 4238; x_wconf 87' lang='lat' dir='ltr'>curabat,</span> <span class='ocrx_word' id='word_1_312' title='bbox 436 4191 494 4236; x_wconf 89' lang='lat' dir='ltr'>cap.</span> <span class='ocrx_word' id='word_1_313' title='bbox 512 4177 562 4233; x_wconf 80' lang='lat' dir='ltr'>iv,</span> <span class='ocrx_word' id='word_1_314' title='bbox 584 4179 681 4224; x_wconf 84' lang='grc'><strong>0-11.</strong></span> <span class='ocrx_word' id='word_1_315' title='bbox 702 4179 866 4224; x_wconf 84' lang='lat' dir='ltr'>tentationem</span> <span class='ocrx_word' id='word_1_316' title='bbox 885 4177 983 4226; x_wconf 81' lang='lat' dir='ltr'>Christi</span> <span class='ocrx_word' id='word_1_317' title='bbox 1008 4176 1088 4226; x_wconf 76' lang='lat' dir='ltr'>retest</span> <span class='ocrx_word' id='word_1_318' title='bbox 1116 4178 1229 4226; x_wconf 63' lang='lat' dir='ltr'>meando</span> <span class='ocrx_word' id='word_1_319' title='bbox 1248 4178 1316 4236; x_wconf 90' lang='lat' dir='ltr'>loco,</span> 
     </span>
     <span class='ocr_line' id='line_1_38' title="bbox 203 4267 1316 4328; baseline -0.001 -16"><span class='ocrx_word' id='word_1_320' title='bbox 203 4277 277 4324; x_wconf 86' lang='lat' dir='ltr'>quam</span> <span class='ocrx_word' id='word_1_321' title='bbox 296 4267 389 4322; x_wconf 79' lang='lat' dir='ltr'>buces,</span> <span class='ocrx_word' id='word_1_322' title='bbox 409 4267 452 4328; x_wconf 90' lang='lat' dir='ltr'>qui</span> <span class='ocrx_word' id='word_1_323' title='bbox 468 4269 621 4328; x_wconf 87' lang='lat' dir='ltr'>plerumque</span> <span class='ocrx_word' id='word_1_324' title='bbox 640 4267 757 4314; x_wconf 84' lang='lat' dir='ltr'>ordinem</span> <span class='ocrx_word' id='word_1_325' title='bbox 775 4270 901 4328; x_wconf 87' lang='lat' dir='ltr'>temporie</span> <span class='ocrx_word' id='word_1_326' title='bbox 918 4270 1067 4316; x_wconf 83' lang='lat' dir='ltr'>accuratius</span> <span class='ocrx_word' id='word_1_327' title='bbox 1083 4273 1178 4328; x_wconf 83' lang='lat' dir='ltr'>servat,</span> <span class='ocrx_word' id='word_1_328' title='bbox 1199 4279 1257 4326; x_wconf 88' lang='lat' dir='ltr'>cap.</span> <span class='ocrx_word' id='word_1_329' title='bbox 1273 4267 1316 4326; x_wconf 88' lang='lat' dir='ltr'>iv,</span> 
     </span>
     <span class='ocr_line' id='line_1_39' title="bbox 205 4356 596 4406; baseline 0.01 -6"><span class='ocrx_word' id='word_1_330' title='bbox 205 4356 302 4404; x_wconf 77' lang='lat'><strong>2-12.</strong></span> <span class='ocrx_word' id='word_1_331' title='bbox 322 4362 412 4406; x_wconf 80' lang='lat' dir='ltr'>namet</span> <span class='ocrx_word' id='word_1_332' title='bbox 429 4359 509 4406; x_wconf 84' lang='lat' dir='ltr'>tertio</span> <span class='ocrx_word' id='word_1_333' title='bbox 527 4360 596 4404; x_wconf 92' lang='lat' dir='ltr'>loco.</span> 
     </span>
    </p>

    <p class='ocr_par' dir='ltr' id='par_1_8' title="bbox 153 4440 1317 4690">
     <span class='ocr_line' id='line_1_40' title="bbox 153 4440 1317 4509; baseline -0.001 -17"><span class='ocrx_word' id='word_1_334' title='bbox 153 4440 181 4509; x_wconf 83' lang='lat'>⁸)</span> <span class='ocrx_word' id='word_1_335' title='bbox 202 4444 266 4506; x_wconf 83' lang='lat' dir='ltr'>Sic,</span> <span class='ocrx_word' id='word_1_336' title='bbox 286 4449 309 4493; x_wconf 88' lang='lat' dir='ltr'>si</span> <span class='ocrx_word' id='word_1_337' title='bbox 328 4449 360 4495; x_wconf 86' lang='lat' dir='ltr'>ii.</span> <span class='ocrx_word' id='word_1_338' title='bbox 377 4448 444 4495; x_wconf 84' lang='lat' dir='ltr'>Sam.</span> <span class='ocrx_word' id='word_1_339' title='bbox 463 4449 555 4506; x_wconf 79' lang='lat' dir='ltr'>xxiv,</span> <span class='ocrx_word' id='word_1_340' title='bbox 578 4452 620 4495; x_wconf 83' lang='grc'>10.</span> <span class='ocrx_word' id='word_1_341' title='bbox 641 4461 699 4507; x_wconf 91' lang='lat' dir='ltr'>sqq.</span> <span class='ocrx_word' id='word_1_342' title='bbox 719 4459 782 4495; x_wconf 86' lang='lat' dir='ltr'>area</span> <span class='ocrx_word' id='word_1_343' title='bbox 799 4450 907 4496; x_wconf 83' lang='lat' dir='ltr'>Areuna</span> <span class='ocrx_word' id='word_1_344' title='bbox 924 4449 1046 4496; x_wconf 85' lang='lat' dir='ltr'>Jebueaei</span> <span class='ocrx_word' id='word_1_345' title='bbox 1067 4449 1166 4506; x_wconf 77' lang='lat' dir='ltr'>argenti</span> <span class='ocrx_word' id='word_1_346' title='bbox 1185 4448 1257 4494; x_wconf 86' lang='lat' dir='ltr'>siclis</span> <span class='ocrx_word' id='word_1_347' title='bbox 1283 4447 1317 4492; x_wconf 86' lang='lat'>50</span> 
     </span>
     <span class='ocr_line' id='line_1_41' title="bbox 205 4531 1317 4598; baseline 0 -18"><span class='ocrx_word' id='word_1_348' title='bbox 205 4540 325 4594; x_wconf 87' lang='lat' dir='ltr'>constat,</span> <span class='ocrx_word' id='word_1_349' title='bbox 345 4540 365 4584; x_wconf 88' lang='lat'>1.</span> <span class='ocrx_word' id='word_1_350' title='bbox 385 4539 478 4586; x_wconf 73' lang='lat' dir='ltr'>caron.</span> <span class='ocrx_word' id='word_1_351' title='bbox 495 4539 567 4598; x_wconf 74' lang='lat' dir='ltr'>lxi,</span> <span class='ocrx_word' id='word_1_352' title='bbox 592 4539 637 4583; x_wconf 73' lang='grc'>05.</span> <span class='ocrx_word' id='word_1_353' title='bbox 657 4547 721 4583; x_wconf 86' lang='lat' dir='ltr'>vero</span> <span class='ocrx_word' id='word_1_354' title='bbox 740 4538 796 4582; x_wconf 85' lang='lat' dir='ltr'>suri</span> <span class='ocrx_word' id='word_1_355' title='bbox 815 4539 887 4584; x_wconf 90' lang='lat' dir='ltr'>siciis</span> <span class='ocrx_word' id='word_1_356' title='bbox 908 4537 976 4598; x_wconf 84' lang='grc'><strong>000,</strong></span> <span class='ocrx_word' id='word_1_357' title='bbox 995 4531 1138 4596; x_wconf 82' lang='lat' dir='ltr'>posteriori</span> <span class='ocrx_word' id='word_1_358' title='bbox 1160 4539 1218 4582; x_wconf 90' lang='lat' dir='ltr'>icco</span> <span class='ocrx_word' id='word_1_359' title='bbox 1245 4533 1317 4594; x_wconf 87' lang='lat' dir='ltr'>adja·</span> 
     </span>
     <span class='ocr_line' id='line_1_42' title="bbox 206 4625 1316 4690; baseline 0.003 -21"><span class='ocrx_word' id='word_1_360' title='bbox 206 4635 266 4672; x_wconf 81' lang='lat' dir='ltr'>cene</span> <span class='ocrx_word' id='word_1_361' title='bbox 286 4629 359 4687; x_wconf 64' lang='lat' dir='ltr'>recto</span> <span class='ocrx_word' id='word_1_362' title='bbox 378 4629 456 4676; x_wconf 86' lang='lat' dir='ltr'>simui</span> <span class='ocrx_word' id='word_1_363' title='bbox 475 4631 621 4690; x_wconf 81' lang='lat' dir='ltr'>computata</span> <span class='ocrx_word' id='word_1_364' title='bbox 639 4627 707 4686; x_wconf 70' lang='lat' dir='ltr'>iuitq</span> <span class='ocrx_word' id='word_1_365' title='bbox 732 4629 758 4673; x_wconf 87' lang='lat' dir='ltr'>et</span> <span class='ocrx_word' id='word_1_366' title='bbox 778 4627 801 4673; x_wconf 88' lang='lat' dir='ltr'>si</span> <span class='ocrx_word' id='word_1_367' title='bbox 819 4627 930 4675; x_wconf 82' lang='lat' dir='ltr'>Hebraei</span> <span class='ocrx_word' id='word_1_368' title='bbox 948 4639 964 4674; x_wconf 88' lang='lat' dir='ltr'>s</span> <span class='ocrx_word' id='word_1_369' title='bbox 982 4625 1104 4672; x_wconf 82' lang='lat' dir='ltr'>bioabitis</span> <span class='ocrx_word' id='word_1_370' title='bbox 1124 4631 1149 4673; x_wconf 90' lang='lat' dir='ltr'>et</span> <span class='ocrx_word' id='word_1_371' title='bbox 1173 4625 1316 4672; x_wconf 83' lang='lat' dir='ltr'>bisdianitis</span> 
     </span>
    </p>
   </div>
   <div class='ocr_carea' id='block_1_4' title="bbox 1036 4727 1103 4781">
    <p class='ocr_par' dir='ltr' id='par_1_9' title="bbox 1036 4727 1103 4781">
     <span class='ocr_line' id='line_1_43' title="bbox 1036 4727 1103 4781; baseline 0.015 -1"><span class='ocrx_word' id='word_1_372' title='bbox 1036 4727 1103 4781; x_wconf 63' lang='lat'>15*</span> 
     </span>
    </p>
   </div>
   <div class='ocr_carea' id='block_1_5' title="bbox 0 0 1553 5286">
    <p class='ocr_par' dir='ltr' id='par_1_10' title="bbox 0 0 1553 5286">
     <span class='ocr_line' id='line_1_44' title="bbox 0 0 1553 5286; baseline 0 0"><span class='ocrx_word' id='word_1_373' title='bbox 0 0 1553 5286; x_wconf 95' lang='lat' dir='ltr'> </span> 
     </span>
    </p>
   </div>
  </div>
 </body>
</html>
