3190 5290
694 581 1111 658 narnummuuc

382 738 466 820 Quid
482 743 596 804 contra
602 737 845 804 llemncucutica
860 743 1024 822 praestare
1039 737 1163 821 debeat,
1179 739 1367 828 intelligitur
1384 762 1421 806 ex
1437 763 1483 823 eo,

292 849 420 934 quoda
437 848 635 933 scripturam
650 848 872 933 interpretari,
899 868 957 912 seu
972 850 1058 935 quod
1071 849 1155 915 idem
1171 853 1238 931 est,
1262 869 1387 916 sensum
1403 848 1483 934 ejus·

292 959 363 1023 dem
390 978 502 1024 eruere
527 959 649 1024 doceat.
698 958 832 1023 Sensum
859 979 934 1022 vcro
961 957 1110 1023 biblicum
1132 957 1188 1022 ille
1214 963 1337 1024 tantum
1363 958 1483 1042 plenum

293 1066 431 1149 eruerit,
456 1067 511 1152 qui
532 1067 726 1154 singulorum
742 1067 965 1134 uocabulorum
980 1066 1236 1156 integrarumque
1252 1067 1484 1148 sententiarum,

292 1175 365 1242 dein
389 1176 525 1260 partium
552 1177 707 1242 minorum
732 1181 764 1242 et
779 1176 933 1260 majorum
958 1177 1166 1260 biblicarum,
1189 1179 1315 1244 taudem
1342 1175 1483 1244 &soluto

292 1285 374 1350 libro
391 1305 482 1352 sacro
500 1305 567 1350 eam
583 1287 683 1352 totius
700 1288 877 1375 argumenti
897 1289 1059 1354 notionem
1081 1287 1184 1354 ammo
1208 1289 1270 1352 sibi
1285 1285 1423 1354 afflatam
1436 1291 1483 1351 te·

291 1395 378 1459 nebit
393 1399 488 1480 atqua
504 1413 562 1460 sna
578 1396 721 1461 oratione
738 1397 906 1480 exprimet,
935 1419 1026 1483 mam
1040 1397 1111 1481 ipse
1126 1402 1240 1462 auctor
1264 1417 1357 1462 sacer
1383 1400 1483 1461 mente

291 1509 476 1588 conceptam
492 1504 611 1586 babuit,
637 1510 669 1570 ct
690 1524 836 1571 sermone
853 1525 924 1572 cum
944 1505 1118 1572 lectoribus
1136 1507 1367 1573 communicare
1382 1506 1483 1571 inteu-

291 1610 349 1678 dit.
373 1613 421 1678 Ad
438 1614 522 1698 quod
537 1613 728 1698 requiritur:

386 1723 416 1786 1.
439 1721 483 1786 Ut
500 1743 518 1786 c
533 1721 687 1806 pluribus,
705 1743 785 1809 quac
800 1723 873 1789 voci
889 1723 1010 1787 cuidam
1025 1723 1093 1787 iore
1108 1723 1226 1805 insunt,
1242 1719 1483 1811 significationi·

290 1829 349 1895 bus
366 1849 403 1894 ea
419 1830 519 1895 ubivis
536 1830 683 1917 eligatur,
700 1852 792 1916 quam
808 1831 948 1915 scriptor
963 1837 1125 1916 acceptam
1140 1832 1259 1914 voluit3

381 1944 412 2007 2.
436 1939 480 2003 Ut
495 1941 573 2004 baec
595 1941 683 2005 notio
710 1940 785 2004 talis
810 1941 996 2024 accipiatur,
1022 1941 1124 2026 qualis
1146 1941 1300 2025 peculiari
1316 1939 1483 2007 scribentis

291 2049 389 2114 menti
406 2051 608 2133 respondeat,
634 2071 704 2113 cum
720 2051 773 2114 alii
790 2051 851 2114 alia
866 2051 1011 2115 vocabuli
1025 2051 1072 2114 vis
1088 2051 1288 2138 arrideat¹);

382 2157 413 2222 3.
436 2157 479 2222 Ut
503 2181 540 2222 ex
566 2159 747 2224 notionibus
764 2159 852 2224 hisce
879 2160 1091 2246 singularibus
1117 2161 1276 2248 generalis
1305 2161 1485 2228 edormotur

289 2267 389 2350 notio,
408 2286 499 2351 quam
515 2267 604 2349 illac,
629 2289 691 2353 qua
707 2269 774 2353 ejus
790 2275 898 2353 partes
916 2291 934 2332 e
949 2274 1054 2336 mente
1071 2271 1212 2336 auctoris
1228 2272 1427 2338 constituunt
1438 2269 1483 2356 ²);

337 2425 340 2433 .
379 2377 412 2440 4.
435 2373 479 2439 Ut
494 2375 573 2440 haec
589 2377 659 2460 ipsa
674 2377 763 2442 notio
787 2377 944 2463 generalis
968 2379 1013 2443 ita
1036 2385 1139 2444 menta
1156 2381 1377 2464 concipiatur,
1404 2381 1483 2446 sicut

290 2485 414 2548 auctori
431 2485 676 2567 obversabatur3

381 2594 413 2660 5.
436 2592 480 2658 Ut
496 2595 641 2680 denique,
657 2596 711 2659 ubi
735 2596 838 2660 oratio
856 2597 1037 2681 explicanda
1060 2597 1152 2681 plura
1175 2597 1326 2680 continet,
1353 2619 1431 2684 quaa
1447 2597 1483 2659 ad

290 2701 420 2768 eundem
438 2709 582 2786 spectant
597 2702 702 2786 finem,
719 2705 821 2768 animo
837 2705 961 2791 integra
984 2703 1183 2792 contingatur
1206 2707 1314 2788 notio,
1346 2729 1437 2793 quam
1454 2707 1482 2769 et

290 2811 412 2900 qualem
429 2819 541 2878 auctor
557 2813 710 2878 orationis
728 2833 906 2898 expressam
922 2815 1033 2878 voluit.

380 2920 502 3000 Quodsi
517 2922 676 3006 interpres
692 2924 738 2987 ita
754 2942 811 2988 suo
828 2925 956 2989 iunctus
971 2923 1068 2990 luerit
1084 2943 1231 3005 munero,
1247 2923 1320 3006 liet,
1336 2931 1372 2991 ut
1388 2926 1483 2990 iuter·

289 3029 478 3114 pretationis
507 3031 633 3095 auditor
648 3031 697 3096 vel
723 3031 826 3098 lector
854 3035 978 3097 easdem
1001 3053 1134 3118 prorsus
1158 3034 1331 3098 sententias
1357 3033 1483 3100 vocibus

289 3137 431 3202 auctoris
459 3137 617 3221 subjectas
646 3140 881 3223 deprehendat,
912 3161 988 3225 quas
1016 3141 1084 3223 ipse
1116 3139 1275 3223 subjectas
1302 3143 1426 3222 voluit,
1454 3138 1484 3200 in

290 3252 438 3334 quantum
461 3247 587 3311 humani
614 3249 732 3333 ingenii
759 3249 980 3331 imbecillitas,
1005 3270 1084 3334 quac
1113 3248 1265 3332 impedit,
1290 3251 1482 3338 quominus,

290 3377 369 3442 quae
386 3356 504 3420 diversi
521 3355 662 3421 scribant
680 3362 711 3422 et
725 3357 891 3442 explicant,
916 3363 1065 3424 accurata
1082 3360 1281 3444 conspirent,
1302 3360 1405 3426 labori
1421 3364 1483 3424 tam

290 3462 413 3530 dilficili
429 3462 624 3550 perficiendo
640 3489 704 3532 uon
721 3467 763 3532 sit
780 3467 905 3533 omnino
923 3469 1031 3552 impar.
1046 3467 1079 3556 ⁸)

317 3623 343 3694 1)
362 3635 480 3694 „Quanta
500 3634 575 3682 animi
595 3634 738 3684 intentione
755 3637 894 3685 cavendum
913 3638 958 3693 ait,
987 3651 1020 3686 ne
1045 3637 1073 3685 in
1098 3637 1185 3686 verbis
1205 3643 1334 3700 utcunque
1353 3631 1482 3698 perceptis

361 3724 489 3785 haereas,
509 3729 537 3772 ct
555 3729 715 3788 quantopere
734 3728 898 3791 enitendum,
919 3733 945 3778 ut
964 3730 1103 3778 verborum
1121 3733 1255 3786 nouenae,
1276 3743 1323 3780 sau
1342 3732 1430 3790 potius
1442 3733 1483 3773 rat

363 3817 436 3876 ipsas
455 3815 542 3864 uerbis
562 3818 709 3878 designatas
729 3823 941 3882 comprehendas,
960 3823 1049 3883 paucis
1071 3826 1098 3870 ct
1114 3821 1197 3868 obviis
1206 3822 1328 3882 exemplis
1340 3815 1482 3870 illustrabo·

362 3905 421 3964 sic,
441 3910 470 3955 ut
487 3908 575 3957 verbis
594 3909 690 3959 Jcintt
708 3913 853 3974 (bocblrid.
873 3915 899 3975 s.
915 3917 939 3961 i.
959 3919 1020 3962 nota
1038 3929 1065 3974 p.
1088 3912 1128 3972 5.)
1149 3916 1216 3968 utar,
1235 3913 1299 3960 nibil
1319 3915 1403 3975 maris
1424 3907 1480 3956 vul·
1563 3955 1564 3970 n

363 4009 439 4058 gare,
467 4011 541 4059 quam
561 4003 611 4063 nti}
638 3994 708 4059 ὀικος
729 4005 837 4066 domus,
858 3983 1057 4080 btttttpsttjny
1073 3982 1137 4067 ὅρη]
1158 3997 1228 4059 draca
1253 4001 1318 4052 θεοῦ
1338 4007 1379 4053 val
1398 3995 1482 4068 sapiu,
1563 4007 1564 4052 Ι

365 4089 457 4138 domus
472 4089 529 4146 liei,
548 4091 679 4154 palatium
697 4093 827 4156 Jebcoae,
847 4099 973 4162 templum
983 4111 993 4154 ,·
1022 4067 1081 4165 tibi]
1094 4093 1326 4165 buplssmestm
1350 4101 1393 4159 7⁹32
1410 4085 1483 4143 adiu

362 4179 444 4236 aurbu
465 4180 606 4232 haesitabis
626 4187 755 4234 tamenin
774 4187 894 4248 pluribus
915 4189 1054 4236 bibliorum
1072 4188 1149 4245 locis,
1178 4190 1228 4236 nisi
1257 4189 1413 4249 cogitaveris
1437 4183 1482 4230 ‹1⁰-

363 4281 431 4318 mum
451 4273 610 4332 orientalem.
629 4277 751 4339 templum
769 4281 900 4342 antiquum
917 4285 943 4329 et
953 4281 1070 4340 inprimis
1078 4279 1328 4339 ierosolymitanum,
1344 4279 1482 4328 fenestram

364 4364 392 4410 et
410 4362 498 4412 rubam
517 4367 645 4429 antiquam
664 4371 833 4433 orientalem,
852 4375 881 4419 ut
898 4373 961 4420 nibil
980 4373 1063 4419 dicam
1082 4372 1113 4420 da
1133 4385 1179 4427 ao,
1204 4372 1282 4420 urbes
1310 4371 1407 4432 passim
1426 4359 1483 4412 sisti

364 4456 393 4502 ut
410 4455 541 4519 virginee,
561 4457 642 4518 illias,
660 4474 776 4524 uxoras,
795 4463 902 4526 viduas,
921 4463 1075 4525 prostitutas
1095 4467 1147 4512 etc.
1168 4462 1196 4510 Si
1215 4465 1247 4512 de
1265 4461 1434 4518 animalibus,
1453 4452 1482 4499 (¹⁰

349 4544 500 4596 arboribus
520 4553 546 4598 et
564 4551 672 4613 planilla,
694 4554 726 4602 da
745 4555 872 4616 lapidibus
893 4557 920 4604 et
939 4557 1044 4617 gemmis
1064 4569 1115 4604 nen
1135 4561 1226 4604 teneas
1246 4555 1298 4602 nisi
1317 4553 1427 4607 nomina,
1436 4553 1480 4592 110⁰

343 4679 346 4687 2
362 4635 406 4685 ubi
424 4641 538 4701 proprie,
557 4642 666 4692 necubi
685 4646 826 4708 improprie
846 4651 1012 4709 usurpantur,
1033 4648 1171 4710 quidquam
1192 4646 1326 4706 intelligis,
1347 4643 1403 4702 Nlpi
1421 4644 1480 4703 tog·
