3092 5286
1225 457 1303 530 1'43

180 643 290 698 oestro,
311 639 337 684 ct
355 647 447 684 omncs
467 634 602 684 setiam
621 635 727 684 ocrim
747 634 879 697 repetitis,
899 634 977 682 iaciic
995 633 1076 682 verba
1088 635 1176 695 priora
1189 637 1301 686 locedii·

180 731 266 776 tarum
283 727 316 774 ad
335 726 457 774 sonoram
475 726 645 787 loquentium,
668 725 815 786 posteriorc
833 724 947 773 labarae
966 725 1094 774 loradiltis
1113 728 1301 787 respondentis

180 831 242 865 cuc
261 819 447 876 intelliguntur.

133 901 160 968 ⁸)
181 909 222 954 lte
234 907 327 954 Psoim.
341 907 457 964 nni).
471 920 502 954 ex
515 905 617 953 verbis:
638 905 759 962 Domine,
779 905 884 953 acicam
902 903 951 968 soc
969 919 1070 967 recem,
1091 905 1150 954 coil.
1169 921 1194 954 v.
1213 908 1302 956 2.-d.

180 999 249 1044 hund
263 997 465 1056 improbabiliter
478 1001 539 1043 vota
551 997 639 1056 populi
658 1007 705 1055 pro
725 1008 787 1054 rege
805 1007 854 1042 suo
874 996 943 1042 iacto
961 1009 1102 1055 agnosces,
1123 998 1216 1058 quibus
1234 1011 1258 1044 r.
1277 1001 1302 1045 7.

178 1089 374 1148 respondetote
402 1089 479 1135 Nono
505 1087 632 1148 capuaci,
658 1085 784 1148 quoniam
804 1087 910 1133 calcum
927 1083 997 1148 [coit
1015 1087 1143 1136 Dominae
1165 1088 1314 1137 carisione·

178 1193 264 1228 essm.
289 1179 317 1228 V.
337 1181 362 1226 8.
380 1191 470 1226 rursus
488 1178 569 1226 verbo
586 1177 674 1237 populi
692 1179 842 1236 sequuntur.

130 1264 159 1337 ⁵)
181 1269 235 1330 Sic,
255 1271 279 1316 si
297 1271 330 1316 ad
349 1270 461 1318 iadolcm
480 1270 608 1316 diciorum
626 1268 787 1326 otionditur,
814 1267 985 1330 intelligitur,
1004 1269 1079 1314 ltom.
1097 1269 1161 1330 Vll,
1181 1271 1302 1318 i‘.-²i.

178 1362 330 1420 Apostolum
350 1361 436 1420 oloqui
456 1361 488 1408 dc
507 1360 648 1418 semetipso
667 1370 745 1404 senso
763 1358 873 1405 hominis
894 1358 988 1418 spiritu
1000 1361 1047 1406 ilci
1071 1362 1182 1408 nondum
1192 1374 1303 1422 prorsus

178 1452 301 1506 accensi,
322 1450 378 1498 (iai.
398 1449 429 1506 li,
454 1451 494 1496 it.
513 1461 574 1495 vero
587 1449 619 1494 cb
633 1461 664 1494 eo
677 1448 779 1508 prolate
791 1461 852 1495 ossa
866 1461 943 1494 caasa
955 1449 1071 1510 cujusvis
1084 1451 1140 1497 veri
1154 1450 1302 1498 Christiani.

130 1533 157 1603 ⁸)
177 1543 234 1589 lluc
253 1546 354 1601 spectet
373 1541 446 1587 loon.
464 1541 510 1600 ill,
532 1540 673 1600 la.-ai.,
693 1539 737 1586 ubi
756 1537 846 1598 plures
865 1539 1023 1599 interpretes
1037 1553 1067 1586 cx
1080 1541 1205 1588 orationis
1220 1542 1304 1590 iorroe

178 1636 206 1678 et
235 1633 294 1692 ipso
321 1621 480 1691 rop’etitlous
508 1631 665 1685 verborum,
686 1641 751 1690 quae
772 1643 796 1676 v.
819 1631 859 1676 1a.
882 1632 1018 1688 leguntur.
1040 1632 1192 1692 colloquium
1208 1633 1303 1680 comiti
1376 1625 1378 1628 ’

178 1733 237 1768 cum
253 1722 393 1768 Nicodemo
421 1721 448 1767 in
475 1718 689 1768 antecedentibus
710 1718 845 1765 exhibitum
866 1731 917 1766 oon
937 1721 1046 1778 amplius
1066 1721 1229 1780 continuari,
1256 1723 1304 1770 sed

74 1842 87 1862 a
179 1812 219 1858 illi
237 1813 446 1878 commentarium
466 1811 497 1860 ub
516 1809 682 1869 iivcngalista
702 1807 819 1864 conecti,
840 1815 1003 1856 censuerunt.

519 1932 547 1998 S·
566 1929 610 1990 90.
625 1929 726 1990 llivlsio
741 1931 891 1988 incomta

194 2043 317 2122 Quodsi
331 2062 408 2107 vcro
425 2044 464 2105 ad
479 2061 592 2106 sensus
604 2041 851 2124 explorationem
863 2041 958 2106 etiam
971 2039 1125 2104 orationis
1136 2048 1299 2106 auctorem

104 2148 367 2214 considerandum
383 2167 455 2213 esse
471 2149 650 2229 statuimus,
667 2154 704 2212 ut
718 2148 792 2212 hnic
809 2148 872 2234 legi
888 2145 1034 2230 satisfiat,
1051 2168 1171 2228 omnes,
1186 2149 1219 2212 in
1232 2149 1304 2234 qui·

104 2259 165 2321 hus
180 2258 315 2340 loquens
330 2262 489 2338 versatur,
505 2257 693 2336 relationes,
710 2277 790 2342 quae
806 2257 837 2320 io
856 2256 924 2340 ejus
939 2257 1081 2320 idearum
1103 2259 1305 2340 procreatio·

106 2387 177 2430 uem
194 2387 231 2430 ac
243 2366 510 2431 consociationem
527 2367 662 2451 aliquam
676 2366 738 2429 vim
756 2372 974 2446 exsecuerunt,
990 2372 1022 2431 et
1040 2367 1133 2450 proin
1155 2368 1303 2454 cognitae

104 2475 178 2557 plus
194 2474 335 2538 minusve
348 2479 436 2538 corto
453 2473 593 2540 iudicare
610 2474 744 2554 debent,
761 2474 836 2559 quid
853 2478 885 2537 et
907 2476 1064 2559 quomodo
1087 2474 1223 2554 dixerit,
1248 2497 1304 2539 ex·

106 2584 292 2666 pendendas
308 2602 389 2664 esse,
405 2583 604 2647 manifestam
624 2588 682 2647 est.
704 2583 772 2646 Hac
793 2604 869 2647 vcro
892 2583 1063 2648 relationes
1086 2586 1249 2648 commode
1265 2587 1305 2648 ad

111 2691 176 2756 tria
193 2693 297 2776 capita
314 2691 460 2756 rovocari
475 2697 618 2774 possunt,
634 2692 680 2757 ita
699 2696 735 2755 ut
746 2691 848 2775 primo
864 2692 937 2756 loco
955 2713 1010 2756 cae
1031 2701 1199 2776 ponantur,
1216 2713 1306 2778 quac,

110 2800 185 2884 quia
199 2810 299 2866 ccmo
315 2803 496 2883 loquentem
519 2801 643 2885 quidem
659 2805 755 2880 suot,
771 2805 908 2865 attamcu
925 2805 962 2864 ia
978 2803 1053 2887 ejus
1068 2806 1215 2866 unimam
1239 2805 1308 2866 cim

108 2911 238 2990 icccc,
256 2919 417 2974 emicraoc
432 2912 595 2992 leporum
610 2913 881 2974 circumstantiae
896 2909 1107 2974 nominantur.
1122 2909 1202 2972 Deio
1220 2931 1307 2972 com·

110 3018 330 3081 memorandae
355 3021 439 3096 suot,
456 3036 535 3102 quae
562 3020 599 3080 ia
614 3021 692 3100 ipae
708 3019 873 3099 loqueatis
888 3020 1000 3082 animo
1021 3019 1190 3098 recident,
1212 3021 1308 3102 atque

110 3126 180 3208 ojus
202 3129 366 3190 culturam
393 3131 426 3190 et
449 3129 553 3191 ocimi
572 3126 828 3208 diepocitioacm
851 3124 1058 3189 constituunt.
1081 3125 1202 3206 Quibus
1226 3127 1304 3188 sub·

106 3233 269 3319 jungenda
281 3239 330 3298 cst
340 3239 524 3317 peculiaria
535 3239 682 3318 iniectio,
694 3238 807 3300 animo
820 3237 950 3317 quidem
961 3237 1122 3316 loquentia
1134 3246 1306 3316 concepta,

112 3353 214 3407 cairo
229 3345 319 3406 illum
335 3363 415 3408 cero
428 3347 567 3429 qricctc,
584 3343 777 3428 inquantum
792 3343 935 3407 oratione
952 3362 1009 3406 sna
1022 3347 1142 3406 certum
1159 3340 1305 3406 effectum

113 3452 197 3534 apntl
213 3451 293 3515 alios
311 3451 513 3516 obtinendum
533 3455 673 3535 spectat,
698 3457 731 3516 ct
752 3471 832 3534 quac
853 3456 1025 3534 propterea
1045 3451 1205 3536 loquentis
1221 3471 1303 3516 coa-

114 3563 229 3626 cilium
245 3559 373 3623 dicitur.

207 3669 421 3752 Quapropter,
438 3672 473 3731 ut
490 3667 644 3732 orationis
660 3676 773 3732 auctor
789 3689 826 3731 ex
847 3668 1008 3747 omuibus,
1032 3688 1111 3752 quac
1128 3668 1166 3732 ad
1183 3686 1308 3734 sensum

109 3775 269 3842 dictorum
291 3776 427 3856 iaciunt,
455 3776 597 3862 partibus
613 3777 848 3857 consideretur,
863 3779 1094 3860 respiciendum
1115 3783 1182 3842 estc
1204 3799 1238 3843 c.
1255 3781 1303 3843 od

109 3887 185 3972 ήκω
207 3887 479 3951 circumamicta
494 3896 671 3968 externae,
688 3887 719 3950 i.
735 3888 782 3950 cd
797 3890 961 3952 molturam
972 3897 1003 3952 et
1028 3891 1134 3953 caimi
1147 3890 1300 3972 driepoei·

108 3999 249 4076 liccem,
272 4016 301 4060 c.
318 3995 365 4059 ad
380 3997 564 4060 concilium.
591 3995 638 4059 lic
655 3994 768 4080 quibus
784 3995 921 4082 singulis
940 3995 1005 4078 jam
1025 3995 1175 4060 dicemus.

565 4173 804 4239 ARTlcULUs
829 4177 854 4238 l.

406 4295 658 4356 ulaicisllllllc
677 4298 836 4362 leucadiis
856 4299 1018 4357 aliialii.

536 4422 565 4490 s·
582 4421 622 4483 ot
639 4421 746 4482 occasio
763 4422 876 4483 dicandi.

202 4534 293 4596 luter
308 4531 562 4598 circumstantias
578 4537 734 4616 externas,
762 4554 842 4616 qnae
866 4535 899 4598 iu
916 4534 1076 4619 loquentis
1092 4535 1226 4599 animam
1242 4534 1311 4598 vir·

107 4649 209 4710 tutem
233 4645 398 4720 exercent,
425 4640 526 4724 primo
549 4641 622 4706 loco
649 4640 847 4708 occasionem
870 4643 993 4708 dicendi
1018 4643 1131 4708 merito
1154 4641 1316 4734 ponimus...
