3092 5286
264 417 337 492 tet

258 597 370 676 soleat,
395 596 552 678 interpres
575 611 685 676 parum
709 595 855 654 accurato
868 611 963 654 sensa
985 589 1144 674 loquentis
1160 595 1368 675 assequetur,
1390 587 1444 653 nisi

257 705 347 786 prins
372 701 573 788 cognoverit,
604 718 752 784 quaenam
779 697 921 782 loquenti
954 698 1051 761 tuerit
1074 698 1167 760 enimi
1199 699 1353 762 conditio.
1377 699 1444 762 lodo

251 813 407 896 judicabit
423 811 593 893 interpres,
615 815 720 872 utrum
737 807 831 870 solita
849 807 1019 870 verborum
1038 811 1071 870 et
1098 807 1269 871 dictionum
1297 809 1347 870 vis
1364 809 1444 870 miti·

254 922 425 1006 gaudeant
441 918 595 1004 augenda,
613 937 651 980 an
666 915 830 978 retinenda
846 915 899 978 sit.
918 915 1010 978 Siout
1026 914 1105 976 onim
1116 914 1147 978 in
1163 912 1277 978 affectu
1292 916 1444 993 homines,

254 1027 443 1111 praesertim
460 1025 645 1105 orientales,
663 1025 703 1088 ad
718 1023 944 1087 vehementiam
961 1022 1177 1106 procliviores,
1191 1043 1300 1092 omnes
1319 1044 1445 1106 expres-

255 1137 361 1200 siones
389 1137 428 1200 ad
456 1137 595 1221 rigorem
622 1133 758 1220 legionen
786 1154 848 1196 non
878 1136 1085 1215 componunt,
1109 1132 1154 1194 ita
1177 1151 1231 1194 eas
1252 1153 1311 1195 nec
1336 1153 1443 1214 presse

255 1245 408 1328 accipias,
433 1245 460 1308 si
478 1265 583 1308 earum
604 1261 729 1306 sensum
748 1247 856 1304 oxaote
873 1240 1039 1325 percipere
1059 1240 1137 1303 velis
1157 1234 1197 1325 ¹).

345 1355 393 1416 An
409 1373 503 1434 vero,
530 1357 561 1414 et
578 1371 639 1436 quo
655 1347 769 1413 affectu
785 1350 919 1434 loquens
935 1348 1086 1430 impulsus
1101 1347 1222 1430 luerit,
1246 1347 1279 1411 ni
1296 1349 1442 1413 dissertis

253 1463 359 1526 verbis
389 1459 576 1546 distinet),
606 1457 673 1542 jam
702 1480 738 1522 ex
767 1458 919 1521 orationis
948 1456 1217 1536 conformatione,
1254 1457 1383 1522 seilicet
1411 1479 1444 1522 ox

254 1574 389 1655 abrupto
407 1571 531 1636 dicendi
547 1591 665 1656 genere
681 1590 717 1632 ao
733 1565 862 1654 liguris,
886 1589 966 1651 quae
990 1568 1121 1632 animum
1147 1573 1338 1632 commotum
1361 1568 1441 1630 indi·

255 1703 327 1746 oarc
345 1681 450 1746 solent
466 1677 511 1767 ³),
530 1679 597 1764 jam
620 1697 659 1742 cx
679 1677 853 1740 rationibus
874 1675 1112 1761 psychologiois
1134 1695 1328 1760 cognosces,
1354 1698 1443 1760 qnnm

252 1791 392 1870 ejusdem
415 1790 482 1853 lere
508 1787 623 1852 indolis
639 1787 782 1850 homines
798 1785 921 1849 ratione
936 1783 1103 1848 affectuum
1119 1785 1200 1847 heud
1215 1785 1296 1848 adeo
1313 1784 1398 1848 inter
1412 1803 1442 1846 so

253 1901 411 1964 dissidere
443 1897 637 1962 inveniantur
653 1891 695 1980 ¹¹).
735 1895 799 1957 lmn
828 1913 1055 1976 nonnumquam
1087 1893 1253 1957 commotio
1284 1891 1440 1976 loquentis

251 2009 357 2090 potins
381 2007 536 2088 sentitur,
561 2025 652 2086 quarn
675 2001 796 2087 regulis
819 2001 954 2066 discitur
969 1998 1011 2087 ⁵).

278 2152 301 2219 ¹)
323 2158 369 2210 lta,
390 2157 413 2200 si
433 2155 530 2210 Jolrus,
551 2154 625 2213 euius
644 2149 848 2210 patientissimi
867 2149 943 2210 (Tol).
963 2151 1002 2206 ll,
1025 2151 1067 2196 12.
1087 2151 1142 2196 leo.
1156 2151 1186 2205 V,
1208 2147 1265 2213 ll.)
1285 2137 1438 2196 ‘celebratur’

322 2259 379 2304 cap.
401 2245 446 2291 lll.
467 2247 492 2290 tn
512 2245 715 2290 vehementiores
741 2243 861 2301 quereles
881 2243 1010 2300 erumpit,
1039 2241 1106 2288 diem
1125 2241 1268 2287 nativitetis
1289 2253 1354 2287 suae
1372 2253 1440 2286 oxeo-

323 2339 426 2392 orntur,
455 2347 535 2394 seque
554 2345 681 2393 nunquam
700 2341 803 2392 ustum,
831 2337 876 2378 eut
893 2345 951 2378 mox
969 2333 1000 2378 sb
1019 2335 1093 2380 utero
1112 2334 1240 2378 mortuum
1258 2333 1346 2378 luisse
1362 2345 1436 2388 exop-

319 2433 375 2483 tet,
403 2429 452 2473 hoo
478 2425 582 2474 eductui
608 2427 658 2471 riri
683 2426 756 2472 velde
776 2425 864 2471 eldicti
883 2424 1063 2480 tribuendum,
1094 2437 1142 2471 nec
1161 2425 1194 2472 ad
1213 2423 1300 2472 virum
1318 2435 1436 2470 reseosn·

321 2519 378 2562 dum
398 2520 447 2564 est.

272 2603 298 2672 ³)
320 2612 395 2656 loon.
416 2607 466 2666 lll,
488 2607 530 2654 33.
551 2607 594 2653 35.
614 2607 657 2653 38.
677 2606 786 2653 Martem
805 2607 833 2652 et
851 2605 964 2652 ludaeos
984 2605 1116 2664 plorasse,
1136 2605 1226 2652 Jesnm
1245 2605 1341 2663 spiritu
1361 2604 1435 2650 intre·

321 2701 416 2745 moiseo
436 2701 463 2746 et
482 2700 648 2756 lacrymosum
668 2711 743 2752 esso,
764 2697 864 2743 diserto
883 2696 989 2754 legitur.

276 2785 301 2847 ⁸)
320 2791 452 2850 Ejusmodi
478 2793 534 2844 eet,
562 2789 620 2835 dnm
638 2789 720 2834 lllarie
738 2789 795 2834 rino
815 2791 890 2846 etque
910 2788 1015 2846 oognlto
1033 2787 1142 2833 Domino
1159 2785 1276 2832 redivivo
1295 2785 1434 2832 exclamet:

324 2872 469 2946 Ῥαββουνί
488 2881 565 2928 loun.
579 2879 630 2936 XX,
652 2881 694 2925 16.
712 2883 739 2925 et
753 2877 878 2923 Thomas:
899 2871 912 2922 ὁ
929 2872 1017 2944 sepio:
1032 2889 1078 2940 pto,
1098 2874 1141 2924 καὶ
1157 2869 1249 2930 essee
1263 2888 1301 2938 pe
1321 2875 1383 2921 ibid.
1396 2873 1432 2919 ts.

270 2966 295 3031 ι)
317 2973 353 3016 iix
372 2971 516 3017 rationibus
536 2968 725 3030 psychologlois
737 2968 814 3014 Joen.
835 2967 885 3023 xl,
908 2968 950 3013 tt.
962 2979 1017 3027 sqq.
1036 2969 1112 3015 laolle
1131 2965 1270 3025 intelliges,
1289 2963 1433 3025 quosadeo-

317 3068 360 3108 tue
382 3063 495 3108 bucerus
507 3061 539 3106 nd
557 3061 637 3106 vitam
657 3061 794 3105 revocatus
814 3058 841 3103 ln
860 3057 997 3104 sororibus
1018 3061 1044 3105 et
1062 3055 1279 3116 consanguineis,
1300 3056 1327 3101 in
1347 3054 1433 3116 populo

316 3154 455 3206 adstante,
485 3152 510 3196 ln
530 3151 678 3210 discipulis,
701 3161 819 3195 necnon
839 3147 864 3192 ln
884 3149 994 3193 inimicis
1013 3148 1116 3194 Domini
1135 3146 1298 3194 excitsrerit.

268 3237 293 3303 5)
314 3243 357 3291 Utl
376 3257 399 3290 e.
420 3254 444 3301 g.
465 3243 484 3287 l.
504 3241 575 3288 Seno.
597 3241 635 3300 ll,
667 3241 762 3286 r-rc
784 3239 811 3283 in
831 3239 934 3285 oentloo
953 3239 1057 3298 Aaou,
1083 3239 1189 3286 etlsuc.
1209 3239 1239 3297 l,
1271 3237 1432 3284 tlt-sam

317 3333 418 3379 cantico
439 3331 465 3377 Β.
485 3331 514 3377 V.
536 3331 570 3377 ll.

716 3489 744 3556 s.
761 3485 816 3544 tce.
831 3485 978 3558 llmplusls.

339 3637 490 3720 Exposito
518 3635 792 3718 interpretationis
824 3635 991 3717 subsidio,
1028 3633 1110 3719 quod
1137 3635 1277 3718 cognitio
1308 3632 1433 3696 allectus

245 3747 405 3830 loquentis
423 3743 651 3822 subministrat,
668 3751 877 3826 opportunum
895 3743 1116 3826 existimamus,
1136 3743 1321 3828 singulatim
1339 3745 1433 3806 adhuc
1527 3797 1528 3809 ,

243 3873 413 3920 recensere
430 3851 582 3934 quasdem
597 3847 738 3934 figures,
764 3871 842 3934 qnae
860 3853 891 3914 in
908 3853 1049 3916 oratione
1066 3852 1201 3916 hominis
1218 3849 1336 3914 effectu
1359 3873 1428 3915 oon·

244 3964 335 4027 citati
358 3961 511 4046 imprimis
535 3961 704 4024 occurrere
727 3961 843 4041 solent,
868 3959 945 4024 licet
961 3961 1117 4024 interdum
1135 3960 1227 4025 etiam
1244 3960 1274 4022 in
1292 3980 1432 4023 sermone

242 4075 344 4136 animo
371 4072 481 4134 sedato
503 4069 664 4152 loquentis
687 4069 973 4150 deprehendentur.
1009 4070 1091 4132 Ante
1117 4089 1224 4134 ornnes
1248 4089 1433 4132 commemo·

240 4185 337 4247 rande
364 4181 489 4242 videtur
512 4178 732 4258 emphasis,
756 4197 835 4258 qnae
864 4177 1001 4240 centoris
1030 4177 1254 4260 frequentioris
1283 4184 1333 4240 ost
1350 4197 1430 4240 usus·
1526 4197 1527 4200 ¹

332 4289 514 4371 Empdnsio
549 4287 718 4348 secundnm
752 4287 992 4367 Quintilianum
1024 4292 1075 4350 est
1106 4286 1207 4350 virtus
1239 4284 1429 4373 (cretionis)

241 4400 384 4462 altiorem
409 4395 564 4478 praebens
585 4393 798 4472 intellectum,
824 4413 915 4478 qnam
943 4413 1033 4478 quern
1056 4396 1151 4458 verba
1167 4415 1224 4478 per
1240 4414 1274 4456 se
1291 4395 1363 4476 ipse
1378 4395 1430 4456 do·

240 4508 369 4572 olerent.
394 4507 479 4568 ldem
496 4505 574 4568 dues
591 4501 713 4586 species
730 4502 906 4588 distinguit,
923 4503 1065 4586 altorem,
1083 4523 1162 4586 qnae
1179 4503 1251 4586 plus
1267 4502 1429 4590 significat,

241 4635 331 4697 qnam
358 4614 457 4694 dicit,
482 4612 631 4693 altorem,
656 4632 737 4696 qnae
765 4611 857 4676 etiam
885 4611 934 4694 id,
960 4613 1042 4695 qnod
1072 4633 1131 4676 non
1160 4611 1237 4674 dicit
1255 4612 1298 4696 ¹).
1332 4610 1426 4674 Nobis
