3112 5284
1246 361 1325 436 rit

137 545 332 612 Testamenti
344 545 440 610 Deum
456 543 559 622 hahet,
585 541 654 607 falli
670 551 702 606 et
716 541 825 606 fallere
842 540 980 606 nescium
996 538 1046 628 (S.
1069 539 1121 629 7),
1145 543 1323 608 necessario

136 673 339 739 quaecunque
375 652 413 715 ab
444 650 606 715 historicis
640 649 801 734 inspiratis
838 649 1034 729 referuntur,
1074 650 1188 734 quippe
1219 649 1324 712 divina

135 762 327 827 auctoritate
351 757 551 836 confirmata,
586 759 713 842 praevie
739 758 903 822 verissima
931 777 1002 821 esse
1030 756 1233 836 existimabit,
1268 755 1326 820 lir-

134 867 274 932 missime
295 871 421 948 tenens,
458 865 560 930 omnia
590 865 690 930 relata
716 885 827 951 reapse
853 867 898 930 ita
925 865 1117 952 contigisse,
1146 870 1242 952 prout
1271 885 1326 928 re·

134 977 292 1042 feruntur.

226 1083 293 1148 Hac
308 1081 513 1166 persuasione
529 1084 641 1146 ductus
656 1082 734 1148 nihil
755 1083 817 1148 sibi
831 1083 1012 1169 religiosius
1028 1083 1164 1164 habehit,
1182 1103 1272 1166 quam
1289 1086 1324 1146 ut

135 1213 244 1257 omnes
261 1199 424 1256 auctorum
436 1209 599 1254 sacrorum
615 1191 811 1257 narrationes
826 1214 864 1257 eo
880 1193 973 1256 modo
991 1196 1140 1275 exponat,
1157 1197 1192 1254 nt
1207 1189 1324 1256 veritas

135 1321 242 1364 earnm
257 1299 411 1363 historica
432 1299 518 1362 salva
533 1299 695 1381 persistat.
742 1301 853 1385 Neque
869 1299 1022 1383 ejusmodi
1044 1301 1201 1384 interpres
1218 1319 1252 1362 se
1275 1299 1325 1362 of-

133 1406 227 1487 ficio,
250 1407 415 1472 veritatem
438 1407 651 1471 narrationum
667 1408 851 1472 biblicarnm
874 1409 998 1488 tuendi,
1028 1408 1212 1472 satisfacere
1228 1426 1323 1492 posse

134 1517 261 1596 credet,
286 1515 314 1578 si
329 1515 517 1600 scriptorem
541 1537 559 1580 a
580 1515 668 1580 fonte
684 1538 741 1582 suo
758 1518 802 1581 ita
819 1517 1008 1606 distinguat,
1033 1522 1067 1580 ut
1091 1538 1181 1582 error
1204 1515 1242 1580 ab
1268 1515 1324 1579 illo

132 1624 205 1708 ipso
234 1629 363 1688 eatenus
390 1628 603 1708 removeatur,
632 1631 784 1710 qnatenus
808 1626 840 1690 in
860 1627 996 1706 sontem,
1020 1647 1081 1709 quo
1104 1643 1179 1690 usus
1200 1624 1325 1702 luisset,

134 1731 315 1816 rejiciatur,
339 1732 413 1816 quia
432 1733 493 1796 hoc
516 1754 579 1797 non
596 1733 742 1798 obstante
762 1740 875 1798 auctor
890 1734 993 1797 divino
1010 1733 1134 1796 numine
1150 1731 1276 1816 adjutus
1292 1732 1323 1794 in

134 1841 336 1906 consulendis
358 1861 395 1904 ac
417 1841 617 1905 aestimandis
632 1841 772 1906 fontibus
789 1863 929 1926 errasse,
955 1847 987 1907 et
1009 1861 1116 1906 eorum
1133 1839 1323 1905 anctoritate

135 1951 288 2034 deceptus
303 1947 382 2012 talea
398 1949 545 2013 retulisse
562 1951 720 2012 diceretur
732 1947 777 2040 ¹).
1199 2031 1200 2036 ἵ

225 2057 297 2122 Non
319 2057 420 2121 minus
444 2058 536 2122 etiam
558 2079 576 2120 a
592 2057 723 2142 judiciis
741 2063 773 2122 et
789 2057 1026 2138 reflexionibus,
1059 2079 1138 2146 quae
1155 2059 1195 2122 ab
1211 2057 1323 2146 hagio-

133 2165 263 2252 graphis
278 2165 351 2230 hinc
369 2165 440 2230 inde
455 2167 548 2232 dictis
566 2173 597 2232 et
613 2165 706 2232 sactis
727 2167 851 2232 biblicis
865 2165 1091 2250 subjiciuntur,
1115 2167 1215 2232 omnis
1231 2187 1323 2231 error

134 2274 246 2340 abesse
273 2275 411 2356 dicetur,
446 2275 519 2358 quia
544 2297 699 2360 personae
723 2275 829 2340 divino
852 2274 960 2340 afflatu
982 2277 1123 2342 directae
1144 2297 1203 2339 nec
1224 2275 1256 2336 in
1272 2274 1321 2336 his

133 2381 285 2446 alucinari
299 2378 525 2471 potuerunt¹).
571 2383 655 2462 Quid
678 2384 792 2467 plura?
837 2384 970 2448 Tantam
992 2383 1096 2446 divina
1117 2383 1322 2468 inspiratione

132 2492 340 2576 gaudentibus
365 2493 522 2576 interpres
543 2491 763 2556 auctoritatem
786 2492 955 2571 attribuet,
985 2497 1020 2555 ut
1036 2513 1103 2556 eam
1125 2493 1202 2557 nulli
1229 2491 1322 2554 alteri

131 2601 380 2684 postponendam
397 2599 570 2680 existimet,
604 2607 635 2664 et
650 2603 757 2686 potius
773 2602 861 2688 leges
878 2600 1136 2666 Hermenenticae
1152 2622 1213 2666 non
1233 2599 1322 2664 suffi-

134 2709 265 2788 cientes,
288 2709 337 2773 vel
354 2729 372 2772 a
388 2729 423 2771 se
439 2730 500 2772 non
517 2709 579 2772 rite
595 2709 783 2794 applicatas,
807 2707 916 2794 paucis
932 2727 966 2770 se
983 2728 1106 2772 errasse
1123 2707 1321 2789 confiteatur,

135 2837 227 2900 quam
243 2821 279 2879 ut
294 2836 435 2896 sensnm,
459 2821 530 2879 utut
551 2816 763 2880 communibus
789 2815 1017 2899 interpretandi
1033 2815 1228 2880 adminiculis
1245 2839 1322 2880 eon-

131 2924 315 3004 iormatum,
337 2929 480 3003 tueatur,
504 2945 584 3008 quo,
612 2945 691 3008 quae
706 2944 725 2987 a
738 2924 815 2987 viris
831 2924 994 3009 inspiratis
1010 2930 1083 2988 sunt
1099 2925 1215 3004 relata,
1243 2925 1321 2989 salsa

132 3053 203 3098 esse
224 3035 413 3100 dicerentur.

224 3144 298 3208 lnde
309 3142 374 3226 jann
390 3162 447 3206 sua
463 3149 575 3226 sponte
590 3141 752 3226 sequentia
767 3141 923 3224 prodeunt
938 3145 1152 3208 consectaria:

224 3251 264 3340 a)
288 3251 350 3316 Ubi
365 3251 500 3316 historia
515 3273 606 3316 sacra
620 3251 681 3315 rite
703 3250 844 3336 exposita
861 3271 931 3314 cum
946 3251 1081 3314 historia
1095 3251 1227 3335 protana
1242 3273 1320 3315 con·

133 3359 235 3424 ciliari
258 3360 342 3424 nullo
364 3361 457 3424 modo
479 3365 606 3443 potest,
630 3360 803 3424 auctoritas
825 3357 927 3424 divina
949 3359 1100 3424 hnmanae
1115 3361 1320 3443 praeferenda

132 3473 199 3546 est,
232 3468 411 3534 narratione
437 3467 584 3532 historici
610 3467 734 3550 profani
762 3467 807 3546 ei,
842 3487 933 3550 quam
960 3468 1193 3554 hagiographos
1220 3468 1318 3550 dedit,

132 3572 369 3664 posthabita⁸).

222 3683 260 3773 h)
284 3685 330 3748 Ea
351 3705 426 3750 uero
453 3685 693 3768 interpretatio,
723 3705 783 3768 qun
809 3689 922 3748 auctor
947 3685 1119 3769 inspiratus
1141 3686 1190 3749 vel
1212 3706 1318 3750 seeum

131 3791 219 3878 ipso,
247 3793 298 3856 vel
318 3815 388 3856 cum
409 3793 470 3858 alio
493 3792 650 3875 scriptore
672 3791 824 3878 inspirato
846 3813 919 3856 vere
944 3813 1082 3880 pugnare
1107 3794 1253 3877 ponitur,
1285 3799 1322 3858 ut

133 3907 222 3966 certe
238 3901 317 3966 falsa
330 3903 520 3987 repudianda
536 3908 595 3967 est.

161 4049 189 4110 1)
209 4051 272 4098 ilinc
289 4051 393 4097 minime
413 4051 517 4110 probari
536 4053 640 4110 potest,
659 4052 729 4112 qood
748 4053 835 4110 pluras
854 4050 1011 4109 interpretas
1029 4051 1209 4100 rationatrsnc
1222 4050 1321 4098 ddisti

205 4141 390 4201 discrepantias
403 4146 535 4188 auctorum
549 4143 614 4188 ronti
627 4142 710 4188 minus
723 4146 796 4190 certo
815 4153 846 4188 sc
866 4140 981 4200 liquido,
1000 4143 1065 4200 pote
1076 4143 1218 4201 ucheppn
1231 4141 1319 4188 direr-

204 4233 288 4291 genti,
308 4232 350 4278 vel
370 4233 579 4278 narratiunculae
598 4233 656 4278 vira
674 4242 738 4277 voce
758 4233 930 4290 propagatae,
954 4234 982 4277 et
1000 4234 1142 4292 propterea
1159 4231 1321 4278 adulteratae

204 4322 357 4369 attribuunt.
396 4322 450 4367 llue
469 4325 570 4380 spectat
589 4321 761 4380 discrepantia
772 4321 896 4368 Matthaei
914 4321 986 4380 vill,
1007 4322 1059 4378 28,
1079 4289 1122 4380 qul
1135 4321 1200 4366 duos
1214 4320 1318 4366 deornm

203 4413 290 4460 niacos
308 4411 457 4459 Gadarenos
477 4411 706 4470 commemoravit,
725 4424 741 4456 a
758 4411 844 4458 Marce
865 4409 899 4464 V,
919 4411 946 4456 2.
966 4413 993 4457 et
1014 4409 1083 4456 buca
1101 4410 1173 4465 viil,
1193 4411 1254 4466 2⁷„
1274 4410 1318 4467 qui

204 4505 278 4550 unius
298 4507 396 4550 tantum
422 4504 575 4550 mentionem
597 4503 730 4559 lecerunt,
760 4501 886 4560 adquam
907 4499 952 4546 lir.
973 4499 1096 4546 Paulus
1124 4496 1202 4562 (Krlt.
1223 4498 1319 4545 histor.

201 4594 375 4642 commentar.
389 4593 420 4638 ad
432 4592 448 4638 l.
463 4603 487 4640 c.
502 4593 602 4653 llattb.)
621 4592 756 4652 opinatur,
783 4591 958 4639 narrationem
976 4591 1007 4637 de
1027 4587 1126 4636 duobos
1145 4587 1318 4636 daemoniacis
