3112 5284
1224 433 1301 512 273

203 611 235 673 3.
260 601 305 668 Ex
322 607 428 668 eadem
451 605 573 667 ratione
589 607 746 686 interpres
762 602 909 686 amplecti
924 609 1052 670 tenetur
1068 612 1303 701 expositionem,

114 735 174 796 qua
190 733 313 776 sensum
332 713 534 794 quorumdam
548 729 572 773 s.
587 711 770 794 Scripturae
785 709 926 776 locorum
939 711 1124 780 universalis
1139 717 1214 784 lidei
1230 743 1306 805 pio-

110 822 210 886 fessio
228 843 264 884 ac
281 840 356 883 usus
374 819 534 882 Ecclesiae
552 817 719 897 deliniunt,
745 823 856 902 utpote
874 819 985 902 quibus
1001 821 1032 884 in
1049 823 1129 888 locis
1146 827 1189 892 ita
1205 825 1305 896 inter-

111 931 272 1015 pretandis
289 929 409 1012 pariter
426 946 597 992 cousensus
614 927 775 990 Ecclesiae
792 927 953 1011 dispersae
968 932 1187 1002 manifestatur
1203 935 1244 1024 3).

204 1041 236 1104 4.
261 1036 402 1122 Denique
419 1038 540 1120 quando
559 1033 720 1118 eujusdam
735 1035 801 1100 loci
816 1037 908 1100 unica
931 1043 1050 1104 tautum
1073 1045 1227 1128 expositio
1250 1053 1306 1113 da·

110 1154 181 1228 tor,
206 1165 285 1230 quae
302 1146 440 1230 dogmati
455 1143 616 1207 Ecclesiae
632 1145 795 1222 convenit,
820 1141 947 1226 quaevis
963 1147 1025 1212 alia
1049 1171 1125 1215 vero
1142 1167 1305 1242 repugnat,

113 1279 151 1322 ea
167 1255 346 1320 necessario
364 1255 540 1338 adaptanda
556 1257 621 1331 est,
647 1273 684 1315 ne
699 1253 815 1316 veritas
834 1253 988 1349 catlrplica
1003 1257 1168 1326 deseratur
1183 1258 1226 1352 ⁴).

142 1400 167 1460 ¹)
188 1405 263 1452 coni.
282 1403 381 1449 Bulla
408 1403 459 1448 Pii
478 1402 520 1448 iv.
551 1412 630 1460 super
657 1402 741 1448 forma
764 1401 905 1462 iuramenti
923 1406 1099 1464 professionis
1127 1410 1201 1470 adei,
1238 1425 1303 1475 quse

188 1497 295 1554 incipit:
316 1495 468 1556 injunctum
482 1491 567 1540 notk.

141 1581 168 1646 ε)
190 1588 265 1638 (lent.
286 1587 327 1632 Er.
348 1585 428 1644 Vegl
450 1586 468 1632 i.
483 1586 502 1630 i.
521 1596 579 1644 pag.
595 1585 642 1630 101
667 1597 725 1642 sqq.
746 1583 770 1630 J.
791 1583 964 1632 Esuoltler
986 1589 1004 1634 1.
1023 1589 1040 1636 i.
1059 1602 1118 1649 pes.
1140 1593 1192 1642 295
1206 1609 1263 1656 sqq.

141 1672 168 1739 8)
191 1677 266 1724 coni.
288 1688 366 1734 supra
380 1675 420 1734 ss.
435 1672 616 1726 179-181..
638 1673 681 1720 olei
697 1675 772 1720 etiam
791 1676 906 1734 exempla
923 1678 1073 1725 exhibentur
1084 1682 1306 1742 interpretationis

191 1767 352 1824 singulorum
373 1765 522 1823 Scripturee
538 1766 669 1816 iocorum.
690 1765 780 1810 sensui
794 1767 927 1812 Ecclesiae
940 1770 1052 1826 positive
1064 1776 1307 1825 accommodandae.

145 1852 172 1916 ¹¹}
192 1857 230 1902 Ex
251 1857 300 1902 hoc
322 1857 404 1913 eapite
426 1855 514 1900 Metti.
529 1853 621 1907 XXVI,
643 1855 685 1900 td.
704 1855 841 1900 retinenda
861 1860 902 1902 est
918 1861 1066 1916 proprietas
1085 1861 1221 1910 verborum
1234 1867 1306 1926 juxte

194 1957 298 1992 sensum
311 1945 444 1992 Ecclesiae
464 1945 622 2003 eettoiicse,
642 1945 702 2002 quis
714 1945 806 2003 queris
818 1945 869 1992 elie
887 1950 1049 2006 expositione
1067 1951 1160 2010 dogma
1172 1959 1307 2003 evertitur.

135 2107 161 2172 ς.
180 2099 410 2174 traicientem
428 2112 532 2171 munus,
550 2097 620 2172 quod
637 2097 746 2172 spectat
762 2101 796 2158 ad
813 2101 968 2176 scripturas
985 2101 1142 2166 numantiae
1158 2105 1291 2172 Ecclesiae

516 2195 744 2267 interpretatione
761 2197 908 2268 expositas.

207 2345 297 2422 Quod
315 2343 403 2408 locos
420 2345 457 2406 ab
483 2340 626 2417 Ecclesia
649 2342 778 2428 speciali
804 2347 896 2410 modo
920 2344 1080 2431 expositos
1106 2351 1237 2432 attinet,
1261 2353 1309 2414 in-

116 2451 272 2534 terpretis
293 2450 441 2518 catholici
457 2471 529 2516 esse
546 2475 606 2518 uon
630 2460 752 2536 potest,
777 2471 833 2518 eos
849 2457 977 2539 proprie
994 2457 1213 2542 interpretari,
1239 2478 1307 2529 curn

118 2565 226 2624 eorum
242 2580 352 2625 sensus
374 2563 411 2624 ab
435 2561 591 2626 infallibili
606 2563 767 2626 Ecclesiae
784 2563 966 2648 Magisterio
984 2563 1160 2632 declaratus
1177 2587 1214 2632 ac
1231 2567 1309 2634 deli-

117 2668 202 2728 uitus
219 2667 278 2745 sit,
304 2668 393 2749 cujus
409 2669 628 2753 interpretatio
646 2669 713 2734 sine
730 2671 944 2734 immutatione
961 2675 1068 2738 eadem
1084 2671 1262 2742 humilitate
1280 2684 1311 2744 et

118 2775 326 2840 submissione
343 2777 523 2860 recipienda
541 2781 606 2856 est,
632 2797 692 2860 qua
709 2779 787 2842 alias
804 2776 1003 2844 definitiones
1019 2781 1212 2866 dogmaticas
1228 2787 1311 2849 reci·

117 2905 193 2967 pere
216 2889 342 2966 oportet
360 2881 403 2975 ¹).
439 2886 559 2964 Quodsi
577 2883 640 2966 jam
665 2885 851 2968 respicimus
878 2886 1032 2969 ejusmodi
1056 2889 1161 2970 locos,
1185 2894 1308 2958 ratione

118 2993 225 3056 habita
240 2997 369 3056 naturae
392 2993 439 3056 rei
456 3012 545 3086 omne
562 2994 745 3076 interpretis
762 3014 870 3056 munus
888 2995 919 3056 in
939 3015 976 3058 eo
995 3002 1155 3078 versatur,

211 3105 241 3166 1.
265 3106 300 3164 ut
323 3101 448 3166 studeat
470 3122 593 3166 sensum
617 3121 678 3166 non
700 3105 829 3186 proprio
858 3103 963 3167 studio
993 3104 1166 3185 inventum,
1193 3107 1249 3174 sed
1271 3109 1308 3176 ab

118 3210 262 3274 Ecclesia
278 3213 402 3289 datum,
428 3211 511 3276 clare
528 3216 560 3276 et
577 3211 743 3294 perspicue
760 3211 936 3296 intelligere
953 3217 1046 3296 atque
1062 3234 1257 3300 proponere3

210 3319 241 3379 2.
265 3324 300 3381 ut
315 3320 505 3402 proinhunc
521 3321 780 3402 sensnm‚absquc
797 3315 890 3384 dubio
907 3337 1023 3403 rernm,
1038 3323 1132 3386 docta
1147 3325 1312 3392 deductio-

119 3443 157 3486 ne
173 3443 230 3506 per
246 3425 384 3488 subsidia
400 3425 633 3490 hermeneutica
648 3431 713 3488 tum
731 3445 767 3488 ex
783 3445 842 3486 usu
856 3425 1026 3506 loquendi,
1050 3432 1115 3490 tum
1134 3450 1170 3492 ex
1185 3433 1310 3498 uuiver-

119 3532 237 3595 salibus
255 3517 412 3618 cogitandi
428 3533 549 3618 legibus
567 3533 727 3612 derivata,
752 3538 784 3595 et
797 3533 824 3594 si
840 3533 998 3596 decisione
1016 3535 1150 3600 Concilii
1165 3540 1214 3604 vel
1232 3563 1308 3606 cou-

118 3662 212 3704 seusu
238 3641 400 3706 Ecclesiae
427 3643 588 3724 dispersae
616 3639 761 3705 definitus
788 3641 905 3720 luerit,
930 3641 1071 3724 inprimis
1098 3667 1156 3728 per
1181 3649 1306 3714 Petrum

118 3769 303 3813 consensum
321 3747 516 3815 demonstret
532 3755 565 3814 et
581 3755 691 3812 contra
707 3769 763 3812 eos
780 3747 933 3828 defendat,
958 3751 1012 3834 qui
1027 3753 1199 3818 Ecclesiam
1216 3779 1308 3824 erro-

117 3859 162 3922 ris
180 3867 323 3942 arguunt.
359 3859 505 3938 Quamvis
522 3859 699 3924 Acatlsolici
714 3857 920 3944 dogmaticam
935 3859 1081 3942 Petrum,
1107 3884 1167 3948 qua
1181 3867 1309 3934 testium

117 3965 298 4028 traditionis
324 3966 539 4049 apostolicae,
569 3967 789 4032 auctoritatem
815 3989 876 4030 uon
905 3974 1099 4052 agnoscant,
1130 3973 1176 4038 eis
1204 3979 1309 4041 tamen

117 4072 232 4153 iidem,
257 4072 430 4158 quaeipsis
453 4093 514 4158 qua
535 4075 670 4140 testibus
696 4075 912 4158 antiquisimae
928 4075 1200 4160 interpretationis
1216 4085 1310 4148 delae·

118 4190 172 4245 tur
184 4219 204 4255 ‚v
218 4181 398 4244 historicam
415 4203 476 4244 uon
493 4183 647 4266 denegant
663 4184 713 4266 (ὃ.
728 4185 802 4248 163.
820 4192 886 4246 not.
900 4181 952 4268 Β);

210 4293 243 4356 3.
278 4288 410 4372 denique
436 4296 471 4351 ut
499 4310 604 4352 omnes
635 4290 717 4352 ‘alias
746 4291 958 4370 expositiones
992 4291 1111 4355 solidas
1140 4316 1199 4356 non
1230 4317 1309 4375 esse,

118 4397 265 4463 ostendat
276 4389 318 4482 ²).

147 4524 171 4588 ι’)
193 4529 250 4574 Non
264 4529 348 4574 miuus
371 4536 433 4576 vere
453 4541 525 4586 quam
549 4527 712 4574 accomodate
733 4527 765 4572 ad
779 4537 834 4572 rem
848 4531 964 4574 nostram
985 4529 1019 4574 ai.
1035 4531 1158 4577 drueth
1182 4533 1233 4578 1.1.
1253 4545 1311 4592 pag.

194 4620 238 4664 8⁰.
252 4617 359 4666 scribite
380 4619 477 4678 ‚metra
501 4619 556 4666 sicii
577 4621 603 4664 iu
625 4619 672 4664 der
690 4619 755 4664 'inst
774 4620 831 4664 eine
851 4618 941 4664 soicne
961 4618 1227 4682 Uebereinstimmuug
1247 4624 1311 4684 (der

158 4732 239 4772 serm.
258 4727 355 4772 ainrico.
371 4731 386 4770 u
1061 4725 1093 4776 18
