3118 5282
215 417 294 492 350

285 595 537 658 interpretabantur,
562 595 603 642 rel
621 597 644 642 ai
663 594 779 642 flanatici
798 595 886 656 mtrta,
915 607 983 656 quae
1002 596 1028 643 in
1047 597 1082 642 h·
1103 595 1132 644 i.
1151 597 1211 643 hinc
1231 597 1292 643 inde
1312 609 1406 643 eccur·

286 693 361 745 runt,
380 689 532 748 sententiis,
552 687 625 748 quua
645 687 749 744 gamaria
769 689 827 744 eat,
848 687 927 732 Deum
945 698 1006 732 eaae
1026 688 1227 742 aemulatorem,
1251 688 1406 734 reddentem

287 781 445 839 iniquitatem
465 784 567 838 patrum
587 774 613 822 ln
633 773 702 823 filiae
731 777 757 822 in
781 777 884 822 tertiam
912 779 938 822 et
957 781 1075 836 quartam
1093 779 1302 836 generationem,
1323 777 1405 823 ailen-

286 865 430 925 debentur,
459 869 501 915 vel
529 865 639 926 denique
667 867 690 912 el
715 865 856 914 chiliastae
885 867 1007 926 imaginea
1032 867 1227 926 apocalyptica
1247 868 1280 912 de
1303 867 1408 912 diaholo

285 973 334 1020 per
351 959 422 1006 mille
441 971 519 1004 annor
539 957 681 1016 alligando,
704 964 729 1003 et
748 959 779 1003 de
799 957 897 1003 aanctia
916 969 974 1002 cun
994 957 1097 1004 ohrlato
1117 959 1188 1004 iullle
1206 969 1289 1004 annoa
1309 971 1406 1016 regna-

286 1051 353 1098 taria
372 1051 429 1110 plue
449 1051 565 1096 minuare
584 1051 664 1096 crude
684 1047 874 1108 intelligebant,
895 1049 1023 1107 origenea
1045 1053 1074 1096 et
1091 1051 1133 1108 qui
1147 1061 1204 1095 enm
1216 1049 1406 1107 sequebantur.

288 1139 453 1188 dlllicultatea
473 1139 531 1186 lnde
550 1140 670 1186 oriundae
681 1139 785 1184 nonnlal
803 1139 1018 1198 interpretaione
1031 1138 1171 1197 allegerica
1184 1140 1313 1184 removeri
1326 1151 1409 1198 poaaa

286 1229 501 1288 arbitrabantur,
520 1231 580 1276 licet
605 1243 649 1276 aaa
677 1231 754 1278 etlam
779 1229 908 1288 expoeltlo
927 1230 1037 1276 literalia
1057 1229 1134 1276 iaclle
1152 1229 1242 1284 tollat,
1269 1229 1408 1274 dnmmodo

286 1321 379 1366 indolla
398 1315 522 1366 orationia
540 1319 651 1366 hihltcae
670 1319 802 1366 orientalia
829 1331 860 1364 ac
884 1319 942 1365 rudi
968 1319 1065 1377 populo
1086 1318 1190 1378 judaico
1216 1320 1410 1370 accomodatam

287 1423 406 1458 necnon
432 1413 538 1457 ornatae
567 1407 665 1470 poetici
687 1409 773 1456 dehita
796 1410 864 1456 ratio
889 1408 1030 1470 habeatur,
1057 1412 1134 1469 atque
1159 1410 1211 1456 ioci
1237 1409 1358 1468 parelleli
1385 1415 1411 1454 et

287 1501 401 1561 matema
419 1501 552 1548 doctrinae
570 1501 597 1547 ln
616 1500 757 1548 anhaidtnm
775 1503 909 1548 vacentur.

243 1605 268 1664 *l
289 1609 439 1665 Rationem,
460 1623 510 1669 qna
528 1621 633 1656 aeneum
652 1609 774 1656 hihllcum
793 1608 958 1656 dividendum
978 1609 1083 1656 cenauit
1097 1607 1232 1666 origenea,
1251 1610 1312 1668 ipae
1324 1611 1411 1668 aaaig-

288 1705 339 1748 nat.
377 1701 608 1760 Quemadmodum,
635 1700 733 1760 lnquit,
765 1701 840 1747 homo
868 1700 951 1747 trlhna
982 1699 1100 1758 partlhua
1132 1701 1249 1755 couetm,
1281 1713 1410 1762 corpere,

290 1791 424 1838 aalmaet
441 1791 543 1854 apirlta
563 1783 605 1851 (la
634 1785 774 1854 σώματος,
800 1787 844 1840 καὶ
872 1785 978 1855 ψυχῆς,
1002 1787 1047 1837 καὶ
1066 1783 1242 1852 πνεύματος),
1269 1790 1307 1834 ita
1333 1791 1412 1836 etiam

290 1882 430 1942 Scriptura
456 1894 477 1932 a.
497 1881 624 1942 triplicem
643 1881 720 1928 habet
747 1893 866 1928 aenanm=
885 1881 1046 1928 hiatorieum
1072 1882 1099 1926 et
1121 1881 1257 1928 literalem
1277 1880 1413 1942 (corpus).

289 1971 419 2018 moralem
449 1970 582 2032 (animam)
606 1974 632 2017 et
658 1965 797 2032 mpati‘onm
825 1985 859 2017 oe
885 1969 1056 2032 apiritaalem
1080 1970 1231 2030 (spirltum).
1261 1996 1289 2005 -
1323 1973 1414 2029 opera

290 2061 424 2120 origenia,
445 2073 552 2121 qnorum
571 2062 679 2108 maxima
698 2070 761 2120 para
782 2055 872 2119 perlit,
903 2061 1037 2120 exegetica
1064 2061 1271 2118 complectuntur
1298 2061 1414 2114 Scholia,

289 2149 412 2200 llnmillaa
433 2155 458 2198 et
478 2147 692 2199 Commentarios.
731 2151 874 2210 Pleraeque
894 2151 950 2210 eiua
969 2147 1199 2210 interpretatlouea
1218 2155 1279 2198 aunt
1296 2153 1413 2198 moratea

290 2247 316 2288 et
335 2243 511 2302 allegoricaer
530 2245 647 2290 rariorea
667 2245 694 2288 et
714 2242 789 2301 quari
807 2253 855 2302 per
873 2245 1040 2289 tranaennam
1059 2243 1200 2302 adaperaae
1219 2244 1413 2301 grammaticae.

249 2341 274 2413 ⁵)
295 2349 368 2407 Quod
388 2349 507 2396 laudatae
527 2350 620 2396 Patrae
640 2352 746 2399 attinetr

350 2439 501 2486 liilariua
520 2441 772 2494 Pictavienaia‚
792 2445 906 2490 mortuae
927 2453 992 2486 anno
1010 2441 1088 2498 ito,
1107 2445 1213 2500 praeter
1231 2442 1284 2488 alia
1302 2444 1414 2502 arripnit

291 2529 495 2576 Commentariun
515 2531 541 2578 in
560 2532 684 2579 Paaimoa
704 2537 731 2578 et
757 2535 782 2579 in
808 2531 982 2594 evangelium
1007 2531 1144 2579 Matthaei.
1183 2533 1211 2578 ln
1234 2533 1317 2592 priori
1342 2537 1414 2580 teate

290 2621 443 2678 Hieronymo
473 2619 511 2680 (in
539 2621 620 2668 catal.
647 2621 745 2684 Script.
772 2625 866 2670 ecciaa.
894 2635 916 2670 r.
948 2620 1022 2685 too.)
1062 2623 1176 2668 imitatur
1204 2626 1247 2669 eet
1266 2623 1414 2684 originem,

290 2714 317 2757 et
336 2711 456 2756 nonnulla
474 2724 505 2756 ex
524 2725 572 2758 ano
592 2714 693 2772 ingenio
713 2713 820 2760 addidit.
861 2711 913 2759 Sed
933 2713 1010 2760 etiam
1029 2709 1053 2758 ln
1074 2713 1260 2758 Commentario
1278 2715 1305 2760 in
1324 2715 1414 2759 liran-

292 2800 384 2858 gelinm
409 2797 531 2848 liatthael
557 2815 663 2850 aearum
688 2803 855 2863 allegorleum
881 2807 1014 2860 arctatur,
1046 2815 1150 2850 aeneum
1174 2802 1300 2850 literalem
1327 2807 1415 2850 rarinn

291 2895 456 2950 aerequntna.
476 2894 524 2938 tat
537 2892 563 2937 ln
577 2893 795 2952 dtaputationihua
809 2901 902 2941 contra
921 2895 1073 2944 ilaei-eticae
1093 2894 1302 2954 interpretatloni
1313 2895 1415 2942 literali

292 2983 440 3040 plerumque
460 2981 589 3028 inhaeret.
628 2982 672 3030 Sic
691 2997 714 3031 e.
734 2996 760 3044 g.
782 2984 808 3030 ln
830 2983 897 3032 llhro
921 2986 952 3031 il.
973 2986 1005 3032 de
1024 2985 1149 3032 'idnltate
1168 2987 1254 3032 atatim
1283 2985 1315 3030 ah
1336 2985 1415 3032 initio

291 3069 371 3116 verba
390 3068 506 3116 nomini:
526 3071 644 3125 „huniae
665 3073 756 3120 docete
775 3085 864 3120 omnen
884 3077 991 3134 gentea,
1011 3074 1174 3136 baptizantur
1194 3088 1239 3122 eoa
1258 3075 1286 3120 ln
1312 3077 1416 3122 nomine

293 3160 376 3206 Patria
397 3164 423 3206 et
441 3160 497 3206 iiiii
516 3165 542 3208 et
561 3160 674 3220 spiritua
694 3164 809 3219 cancti‚”
824 3164 856 3210 ad
874 3162 1058 3212 detendendem
1084 3166 1250 3212 orthodoxam
1269 3164 1347 3210 iidem
1368 3179 1414 3212 ex-

293 3252 425 3310 positione
442 3251 537 3298 literali
560 3255 645 3310 urget.

344 3360 498 3408 Baalliua
515 3361 564 3416 il,
582 3363 741 3410 onerareeae
761 3365 786 3410 in
802 3363 965 3424 cappadocia
986 3363 1151 3425 Episcopna,
1181 3377 1246 3413 anno
1269 3365 1335 3411 379.
1357 3365 1412 3410 vita

295 3453 441 3512 deiunctae,
460 3453 487 3498 ln
500 3453 693 3511 interpretando
708 3459 818 3514 aeratae
831 3461 871 3502 eat
892 3457 1045 3516 origenem,
1064 3460 1093 3502 ut
1111 3455 1271 3503 Socratae
1288 3455 1363 3502 hihr.
1374 3457 1414 3503 lV.

294 3555 318 3586 c.
342 3543 386 3588 oo.
406 3544 432 3589 et
460 3541 662 3591 Sauamenna
694 3545 761 3592 hlhr.
780 3546 825 3592 Vi.
854 3557 878 3592 a.
908 3549 948 3593 ii.
974 3550 1121 3602 tentantur,
1150 3547 1251 3593 meatu
1278 3546 1413 3600 deamat,

295 3645 357 3688 rinae
377 3633 426 3690 ipei
446 3645 496 3678 non
516 3633 677 3681 arridebant.
698 3635 842 3694 intercide
860 3637 977 3685 homiliae
997 3639 1086 3682 notatu
1100 3637 1304 3693 dignior-earnm
1322 3648 1416 3682 narem

294 3722 320 3766 in
340 3723 516 3769 ilexaemeron
536 3737 583 3771 acu
602 3727 737 3772 historiam
756 3725 897 3774 creationis
916 3729 943 3774 in
963 3727 1061 3774 Generi
1080 3729 1233 3778 enarratam.

349 3811 558 3873 Ambraciae,
577 3815 723 3876 ilpiacopna
737 3814 955 3876 Mediolanenale,
976 3818 1019 3876 qni
1038 3826 1107 3862 anno
1121 3817 1183 3862 397.
1202 3815 1281 3874 ohiit,
1310 3821 1416 3875 praeter

299 3901 376 3947 multa
397 3900 447 3947 alla
468 3915 547 3961 opera
574 3906 649 3952 etiam
680 3907 813 3966 exegetica
834 3905 952 3968 reliquit,
982 3919 1091 3967 quoram
1109 3905 1194 3968 quoad
1218 3905 1301 3952 llhroa
1330 3906 1362 3951 V.
1386 3905 1416 3950 Τ.

298 4003 527 4040 commemoramur
549 3993 736 4044 lie-'eadmerum
761 3998 817 4044 aeu'·
835 4010 902 4062 opor
929 4008 980 4044 aaa
1007 3997 1112 4044 dimum
1140 3995 1305 4057 (creationia)
1324 3997 1352 4042 in
1370 4008 1418 4042 aex

297 4081 388 4144 lihrla,
408 4087 435 4130 et
455 4084 648 4148 expetitionem
664 4088 766 4136 Paoimi
779 4089 837 4138 118.
858 4088 944 4150 (hebr.
968 4085 1054 4151 tio),
1074 4089 1156 4148 quoad
1174 4088 1205 4134 N.
1216 4087 1244 4134 Τ.
1265 4087 1416 4149 emporitic-

299 4187 360 4222 acm
379 4174 521 4236 canapeia
540 4159 683 4226 accendam
700 4180 814 4240 Lucam,
833 4191 898 4240 quae
918 4179 1077 4234 catendunt,
1098 4191 1155 4225 eum
1176 4178 1257 4236 megla
1277 4177 1419 4236 allegorica

296 4267 324 4311 et
351 4264 477 4325 moralia,
498 4275 571 4323 quam
593 4277 699 4314 aeacum
718 4268 846 4316 literalem
865 4271 990 4316 rectatum
1013 4277 1079 4315 erae.
1130 4269 1159 4314 ln
1177 4265 1250 4314 lihrla
1279 4267 1311 4312 de
1335 4279 1417 4326 opere

299 4367 345 4402 aex
360 4355 459 4402 dlernm
479 4357 533 4403 iere
550 4359 648 4404 tantum
669 4359 804 4419 origenem
820 4363 847 4406 et
862 4359 985 4406 liaalllum
999 4357 1104 4405 latinum
1122 4358 1245 4404 reddidit.

352 4444 509 4504 cyrillus
531 4449 801 4506 alexandrinae,
819 4456 938 4498 marinna
967 4462 1033 4496 anne
1054 4450 1134 4505 Μ,
1153 4449 1227 4508 cujua
1252 4460 1335 4508 opera
1355 4459 1415 4495 exa·

298 4536 384 4594 getica,
408 4541 602 4596 praestantiora
625 4545 703 4588 auntr
732 4536 925 4610 Γλαφυρὰ,’ἱᾱ
952 4547 992 4588 eat
1013 4539 1257 4604 interpretatione
1279 4541 1418 4591 emanire,

298 4625 391 4684 quone
406 4628 669 4682 aelectii’entateuchi
687 4633 736 4682 loci
749 4634 912 4693 petierimum
925 4631 1065 4692 allegorice
1085 4635 1112 4680 et
1130 4633 1283 4693 anagogica,
1302 4631 1418 4691 proxima
