3190 5290
284 466 334 540 :tt

411 644 440 693 n.
464 639 615 702 Miffll,
638 640 689 692 H
705 639 828 701 ovim
849 639 937 692 USUS
954 641 1129 702 loomim!
1145 641 1337 696 ΡΙΤΙΝΜΙ.

499 837 502 844 ·
531 803 560 870 s.
579 799 620 860 nr
636 798 703 860 un
719 798 843 874 innon
855 771 984 862 norro
1000 803 1124 875 enno
1139 802 1227 862 roe

374 929 536 996 Delinertn
546 928 610 1012 jem
626 949 703 992 usus
717 927 864 1011 loquendi
879 929 1000 1010 indole,
1018 929 1117 1012 qualis
1136 935 1201 994 tum
1220 931 1343 996 ratione
1365 951 1473 1015 nexus,

285 1040 338 1127 qui
358 1040 390 1106 in
407 1037 514 1124 quavis
534 1037 640 1124 lingon
660 1035 741 1100 inter
758 1057 854 1102 voces
876 1042 910 1102 ct
933 1035 1176 1124 significationes
1198 1039 1380 1120 intercedit,
1406 1045 1471 1104 tum

284 1149 406 1216 rationo
424 1145 587 1212 relationis
606 1144 697 1210 nnius
717 1144 841 1230 linguae
862 1144 902 1208 at
924 1145 1002 1210 olias
1026 1145 1226 1227 observetur,
1248 1152 1351 1212 restet
1371 1147 1473 1212 sltere

285 1255 445 1341 quaestio,
467 1273 528 1338 qus
549 1273 659 1337 nempe
681 1254 803 1318 rsticne
827 1274 903 1318 usos
926 1254 1072 1338 loquendi
1094 1254 1217 1340 liuguae
1238 1256 1328 1322 nobis
1345 1256 1473 1343 ignotus

285 1363 435 1452 cognosci
451 1366 559 1447 quest,
584 1363 622 1426 si
638 1381 728 1444 quem
744 1363 908 1445 responsio
932 1363 965 1427 iu
988 1369 1134 1446 promptu
1157 1369 1216 1428 est.
1249 1365 1371 1428 Etenim
1397 1387 1473 1450 ques

284 1472 429 1536 notiones
445 1469 585 1534 homines
602 1475 708 1533 certae
724 1471 859 1535 untionis
875 1475 908 1534 et
922 1471 1035 1534 uetntis
1056 1471 1186 1534 vocilius
1207 1491 1244 1535 sc
1265 1472 1433 1554 phrasibus
1456 1493 1474 1535 n

285 1599 320 1644 so
342 1578 517 1662 usurpatis,
541 1581 629 1642 certo
653 1577 745 1642 modo
767 1577 909 1644 formatis
925 1583 1018 1660 atque
1035 1579 1226 1643 constructis
1234 1577 1370 1664 jungere
1386 1580 1475 1644 soliti

286 1687 365 1766 sint,
397 1705 454 1750 seu
477 1705 556 1768 quse
579 1705 687 1749 sorum
710 1685 859 1769 loquendi
882 1686 1074 1750 consuetudo
1099 1686 1208 1769 luerit,
1236 1691 1286 1750 est
1308 1708 1361 1752 res
1384 1688 1474 1766 lacti,

286 1795 425 1876 uisoque
439 1795 636 1860 testimoniis
653 1793 897 1876 comprobando,
915 1795 999 1858 sicut
1013 1814 1065 1859 res
1082 1795 1251 1860 historicos
1267 1816 1374 1860 omues
1390 1796 1472 1860 solis

284 1903 473 1968 testimoniis
502 1899 675 1966 firmentur.
709 1903 756 1964 lin
781 1902 882 1989 legem
906 1923 964 1987 pro
992 1923 1052 1968 usu
1079 1904 1226 1986 loquendi
1253 1907 1474 1991 cognoscendo

285 2009 517 2099 gravissimnml
550 2009 636 2074 Haec
662 2011 842 2075 testimonis
868 2031 944 2075 vero
972 2010 1022 2075 vel
1049 2017 1138 2094 sunt,
1171 2032 1250 2095 quas
1274 2014 1418 2097 proxime
1444 2021 1476 2080 et

286 2119 402 2203 perse
417 2118 456 2187 de
471 2115 699 2204 significatione
718 2117 940 2183 vocabulorum
956 2117 1048 2184 fidem
1065 2119 1199 2200 leniunt,
1221 2119 1271 2185 rel
1294 2141 1373 2206 quse
1398 2142 1476 2207 pro-

285 2227 365 2292 xime
381 2230 414 2291 et
428 2245 485 2310 per
500 2245 534 2290 se
553 2225 637 2290 eliud
655 2226 770 2290 lactum
793 2227 942 2310 probent,
966 2247 1026 2313 cpe
1049 2227 1257 2292 conclusionis
1278 2234 1381 2294 nutem
1402 2231 1475 2317 plus

287 2334 425 2402 minusve
439 2331 545 2415 justes
568 2354 626 2419 pro
650 2355 710 2400 usu
732 2333 880 2418 loquendi
903 2340 1018 2420 egunt3
1040 2335 1096 2400 ills
1114 2339 1258 2418 directo,
1282 2339 1360 2402 lnnec
1382 2341 1476 2404 indi·

285 2453 378 2510 recto
396 2446 548 2506 vocentur
558 2439 610 2529 ὓ).

309 2587 338 2651 4’)
359 2590 434 2637 cnut.
455 2594 560 2637 ttorus
581 2591 598 2638 Ι.
617 2602 641 2637 e.
661 2590 716 2638 vol.
734 2590 754 2638 1.
773 2604 798 2651 p.
815 2593 847 2638 tt
868 2604 923 2653 seq.
943 2593 1033 2654 John,
1052 2594 1132 2640 ltnolr.
1152 2593 1240 2644 tlerrn.
1257 2608 1282 2655 p.
1296 2596 1329 2642 30
1348 2608 1406 2656 seq.

571 2765 599 2834 t.
617 2764 662 2824 tt.
678 2764 841 2826 terttuonts
856 2779 922 2826 usus
938 2765 1063 2840 toooonu
1078 2767 1191 2830 tteote

379 2914 499 2996 Quibus
521 2911 670 2978 subsidiis
692 2912 724 2978 in
746 2912 861 2999 linguis
882 2913 979 2994 rivis,
1008 2933 1035 2978 e.
1057 2935 1090 3002 g.
1120 2915 1260 2995 arabice,
1286 2915 1477 3002 germanior,

287 3021 403 3109 gallico
426 3043 502 3086 usus
525 3015 837 3109 loquendi'coguitio
865 3027 1080 3106 componetur,
1109 3043 1161 3090 res
1189 3029 1239 3090 est
1262 3023 1344 3109 opud
1368 3041 1478 3088 omnes

288 3137 373 3199 note.
395 3130 462 3196 Nec
478 3151 540 3196 non
554 3129 678 3220 linguae
695 3137 835 3197 mortuns
850 3153 926 3196 usus
941 3132 1034 3196 lncile
1050 3133 1262 3218 cognoscitur,
1278 3130 1367 3214 cujus
1382 3131 1478 3194 testi·

288 3241 391 3304 monis
406 3260 442 3305 ex
458 3260 545 3320 aevo,
562 3260 622 3322 qno
635 3241 735 3306 adhuc
751 3240 887 3328 vigebat,
903 3245 953 3304 set
967 3242 1064 3305 ubere
1074 3245 1252 3326 supersunt.
1268 3238 1366 3322 cnjus
1378 3259 1478 3324 gene·

290 3350 336 3413 ris
351 3349 530 3414 testimonie
544 3353 708 3434 petuntnrc

384 3459 414 3521 1.
449 3459 509 3523 En
530 3458 766 3542 scriptoribus,
799 3459 857 3539 qui
878 3466 940 3522 unt
960 3459 1031 3540 ipsi
1053 3477 1091 3520 ec
1116 3477 1269 3521 sannone
1295 3457 1478 3521 vernaculo

290 3566 348 3629 usi
361 3563 395 3647 ²)
404 3611 413 3645 ,
437 3567 490 3627 out
505 3563 543 3626 ub
559 3563 616 3641 iis,
639 3563 692 3646 qui
707 3562 816 3627 endem
831 3564 997 3628 vernaculo
1014 3563 1196 3644 utebantur,
1217 3563 1324 3628 edocti
1337 3570 1421 3626 sunt
1431 3555 1476 3644 ¹).

291 3671 376 3744 inter
398 3671 457 3740 hos
481 3675 583 3738 antem
605 3673 656 3734 illi
676 3673 763 3754 ipsi,
790 3675 826 3735 in
850 3691 987 3754 quorum
1010 3673 1278 3756 interpretatione
1291 3689 1478 3748 versamur,

292 3777 425 3843 necteris
448 3777 643 3862 praeferendi
659 3783 747 3862 sunt,
771 3779 839 3862 qui,
863 3780 935 3844 olum
958 3779 1040 3845 hund
1063 3799 1136 3844 roro
1151 3778 1184 3843 in
1200 3778 1309 3843 eodem
1329 3780 1478 3842 contextu

291 3885 442 3952 voeabula
465 3883 628 3967 deliniunt,
655 3886 706 3951 vel
730 3887 893 3972 exemplis,
920 3887 1100 3974 synonymis
1126 3887 1234 3952 aliisve
1262 3884 1478 3951 additamentis

293 3995 464 4080 explicent,
492 3999 546 4066 eut
561 3995 592 4062 in
607 3994 687 4059 locis
711 3996 868 4079 parallelis
892 3996 1019 4061 eundern
1041 4016 1148 4061 rocem
1169 3993 1219 4060 vel
1243 3993 1386 4081 phrasin,
1417 4011 1478 4078 qno

292 4107 438 4184 utuntur,
464 4102 590 4178 clariori
605 4103 636 4168 in
651 4103 722 4179 luce
739 4108 871 4188 ponunt,
901 4105 1012 4173 merito
1038 4103 1192 4170 dictorum
1217 4123 1344 4168 suorum
1368 4099 1477 4185 optimi

294 4216 459 4275 censentur
485 4211 682 4297 interpretes.
700 4214 830 4291 ,Verum
859 4213 952 4278 etiem
979 4215 1138 4296 aequales
1161 4232 1217 4276 seu
1240 4209 1401 4276 nunetensi
1428 4209 1476 4272 vix

294 4319 428 4384 minores
452 4319 584 4386 habendi
607 4325 694 4401 sunt,
718 4321 781 4404 qui,
806 4322 949 4404 quonism
972 4343 1041 4386 euro
1065 4320 1271 4406 scriptoribus
1287 4315 1476 4403 explicandis

295 4426 400 4490 endem
417 4432 519 4498 setete
535 4429 691 4511 vixerunt,
716 4430 844 4492 enodem
862 4448 993 4512 prorsus
1008 4448 1096 4494 usuro
1113 4427 1312 4512 suppeditant
1324 4422 1366 4511 Ι).

384 4536 417 4598 2.
448 4537 510 4602 lin
536 4539 687 4619 antiquis
710 4539 959 4620 interpretibus,
987 4539 1253 4622 lenicopropiis,
1279 4533 1475 4610 scholiastis,

290 4642 550 4730 glossator-ctos,
566 4647 708 4735 aliisque
724 4645 932 4727 auctoribus,
948 4647 1006 4727 put
1021 4647 1075 4715 ilio
1091 4663 1189 4727 aeos,
1207 4662 1270 4726 ono
1285 4645 1400 4724 linqua
1414 4637 1475 4704 cd·
