3120 5294
1254 464 1329 538 133

232 645 336 734 ltlagui
351 645 498 709 momenti
514 663 594 722 esse,
610 648 646 706 ut
662 643 818 724 interpres
831 641 911 704 sciat
928 641 1078 720 ordinem,
1100 661 1235 726 quotes,
1254 661 1333 725 quae

140 761 327 834 narrantur,
352 753 580 832 successerint,
608 751 701 816 lacile
724 755 822 833 patet.
862 749 985 813 Etenim
1007 751 1091 812 facta
1112 748 1333 830 praecedentia

140 863 243 946 probe
272 867 439 945 perspecta
466 861 568 924 lucem
597 858 732 924 aderunt
762 858 1036 942 consequentibus.
1082 861 1205 936 Quanta
1234 877 1331 938 porro

6 1031 11 1060 Ε
141 973 354 1035 emolumenta
376 969 544 1051 interpreti
569 989 606 1032 ex
626 969 803 1051 perspectis
825 968 981 1030 factorum
1003 967 1221 1050 dictorumque
1238 987 1332 1028 ocea-

6 1123 11 1152 ,
139 1078 283 1142 sionibus
300 1086 331 1143 et
346 1078 539 1162 loquentium
557 1076 731 1160 adjunctis,
757 1095 836 1160 quae
853 1073 1064 1138 successionis
1090 1095 1196 1138 rerum
1220 1079 1329 1158 gesta·

7 1215 10 1223 ’
138 1209 211 1250 rum
226 1185 397 1250 historicae
414 1185 653 1270 investigatione
670 1187 857 1268 panduntur,
880 1186 1047 1264 accedant,
1072 1203 1129 1246 suo
1154 1183 1225 1246 loco
1243 1182 1331 1245 dice·

6 1306 10 1336 ¹
137 1291 249 1383 turl).
274 1295 511 1382 Quamobrem
528 1294 631 1358 ordini
653 1298 818 1358 eventuum
842 1292 1066 1377 chronologico
1088 1313 1258 1376 eorumque
1275 1314 1331 1356 oc·

6 1411 12 1520 ἑ
138 1403 322 1467 cesionihus
345 1409 378 1468 at
401 1401 556 1484 adjunctis
581 1402 780 1484 explorandis
804 1401 972 1486 diligenter
996 1399 1162 1464 incumbat.

230 1513 322 1590 Quod
345 1511 459 1574 attinet
481 1510 774 1592 interpretationem
797 1510 956 1598 locorum,
981 1508 1035 1592 qui
1060 1512 1206 1570 contextu
1229 1505 1331 1570 histo-

137 1619 207 1682 rico
232 1619 328 1682 mixto
359 1618 541 1702 cohaerent,
564 1619 728 1681 videndam
752 1623 821 1697 cst,
849 1639 920 1680 num
948 1619 987 1679 ad
1015 1621 1135 1679 certum
1164 1615 1329 1678 consilium

6 1765 9 1794 ι
137 1723 360 1810 efficiendum,
400 1748 438 1791 an
478 1727 517 1790 ob
555 1725 765 1790 similitudinis
797 1725 951 1789 rationem
982 1724 1045 1788 siut
1077 1723 1249 1808 congesti?
1295 1724 1331 1785 lu

137 1833 242 1916 priori
274 1853 349 1898 casu
374 1832 465 1917 juxta
495 1839 682 1917 praecepta,
715 1854 793 1916 quae
821 1835 859 1896 de
888 1820 1020 1896 consilio
1047 1835 1277 1914 proponentur,
1302 1829 1333 1891 in

6 1947 9 1978 ·‘
135 1943 312 2027 posteriori
330 1942 420 2026 juxta
446 1963 504 2022 ea,
527 1944 661 2026 quaeda
682 1946 830 2006 contextu
853 1940 1080 2026 psychologico
1096 1939 1215 2018 valent,
1239 1938 1331 2001 insti-

133 2052 258 2114 tuenda
282 2055 341 2114 est.

227 2157 298 2222 lloc
314 2158 386 2222 loco
403 2159 586 2222 mouendum
604 2162 662 2238 est,
680 2178 787 2222 errare
803 2157 1026 2239 interpretem,
1043 2154 1098 2239 qui
1115 2173 1183 2218 com
1200 2158 1329 2222 contex-

136 2268 206 2364 tum
222 2265 419 2348 historicum,
434 2268 467 2330 in
484 2287 545 2350 quo
569 2267 734 2331 consilium
751 2267 905 2350 quoddam
927 2263 977 2328 vel
1004 2261 1216 2326 similitudinis
1243 2261 1329 2345 leges
1420 2303 1422 2306 -

7 2405 10 2434 ,ε
134 2375 199 2438 vim
222 2376 357 2454 habeut,
386 2397 442 2460 pro
467 2396 554 2440 mere
578 2375 732 2439 historico
757 2381 907 2438 sumeret.
946 2376 1050 2451 Quare
1079 2372 1225 2454 inquirat,
1257 2389 1329 2432 num

6 2491 9 2526 '⁵
134 2481 271 2547 historia
296 2483 478 2565 explicanda
501 2483 611 2546 ordine
636 2483 860 2568 chronologico
883 2483 951 2546 fors
979 2481 1106 2544 nonsit
1135 2479 1329 2564 consignata,

6 2593 9 2620 ⁵
137 2597 170 2654 et
195 2593 350 2674 quomodo
375 2591 429 2653 ille
452 2591 651 2654 restituatur.
675 2592 766 2654 Prius
783 2591 921 2654 indicant
936 2593 1084 2654 historici
1099 2591 1169 2669 aiii,
1187 2587 1240 2669 qui
1257 2603 1327 2649 eas-

137 2699 209 2761 dem
225 2718 278 2761 res
301 2697 476 2761 referentes
499 2698 733 2762 successionem
756 2703 919 2760 eventuum
940 2697 1123 2760 historicam
1149 2693 1328 2758 accuratius

135 2807 372 2890 praeseferunt3
391 2807 463 2870 dein
479 2810 642 2896 loqueatis
657 2811 839 2882 consilium,
856 2807 940 2889 quod
957 2803 1109 2886 ejusmodi
1126 2811 1185 2883 cst,
1203 2809 1237 2866 ut
1250 2809 1329 2866 tem-

6 2981 7 3006 3
135 2914 225 2997 poris
243 2913 383 2977 ordinem
401 2935 512 2980 curare
528 2937 591 2978 non
606 2920 751 2978 teneatur
763 2911 806 3000 5).
829 2913 1004 2992 Posterius,
1022 2915 1106 2997 quod
1122 2911 1203 2974 haud
1219 2931 1328 2994 parum

6 3099 7 3106 q
134 3021 266 3087 dillicile
286 3028 344 3101 est,
368 3023 482 3086 iterum
499 3023 641 3105 inprimis
658 3046 703 3087 ea:
719 3025 797 3088 aliis
812 3026 969 3086 historiae
986 3025 1135 3107 ejusdcm
1150 3023 1327 3084 documen-

132 3135 190 3214 tis,
204 3133 432 3214 chronologice
443 3135 641 3214 conscriptis
648 3128 691 3217 ⁸),
708 3131 778 3194 dein
791 3151 837 3194 ea·
848 3132 1112 3207 circumstantiis,
1130 3128 1242 3210 quibus
1258 3147 1324 3188 me-

132 3237 197 3303 lius
226 3239 371 3324 coagruit
387 3243 602 3322 argumentum
615 3238 658 3326 ⁷),
689 3239 902 3324 cognoscitur.
937 3237 1111 3320 Utrumque
1133 3235 1325 3318 aliquantum

132 3351 359 3414 consideratio
384 3353 437 3412 rei
457 3359 601 3413 naturae
625 3347 760 3430 adjuvat.
791 3347 831 3410 ldt
858 3347 1000 3432 negative
1023 3345 1146 3428 quidem
1169 3347 1258 3406 certo
1275 3343 1324 3404 in-

131 3439 219 3520 ferre
241 3457 336 3536 licet,
376 3457 587 3521 narrationem
613 3458 773 3540 quamdam
799 3477 861 3518 uon
893 3473 963 3518 esse
991 3451 1214 3536 chronologice
1246 3473 1324 3514 cou-

132 3563 303 3648 siguatam,
328 3564 356 3626 si
371 3565 419 3628 rei
434 3570 564 3628 naturae
580 3564 679 3646 probe
696 3563 840 3649 cognitae
857 3567 1020 3647 repugnat.
1044 3560 1125 3639 Quia
1139 3580 1214 3622 vero
1231 3563 1336 3621 natu-r

132 3693 201 3736 ram
217 3674 266 3736 rei
281 3673 407 3756 saepius
431 3679 481 3737 sat
503 3674 694 3756 exploratam
712 3695 774 3736 non
790 3675 948 3750 hahemus,
974 3677 1005 3734 et
1021 3670 1119 3733 multo
1136 3668 1237 3730 minus
1252 3667 1323 3730 ubi·

133 3803 195 3866 que
223 3780 353 3846 delinire
376 3801 561 3866 possumus,
597 3803 668 3845 num
692 3783 788 3862 ordo,
821 3803 911 3866 quem
936 3780 1079 3864 sequitur
1104 3778 1258 3861 scriptor,
1293 3777 1323 3839 ei

131 3911 244 3954 revera
261 3893 459 3971 adversetur,
484 3911 521 3953 an
540 3891 584 3972 ci,
609 3892 780 3976 etquidem
800 3892 902 3970 solus,
930 3888 1110 3967 conveniat3
1139 3889 1200 3950 hoc
1217 3885 1321 3947 subsi-

131 4000 217 4062 dium
241 4020 313 4064 raro
332 4005 364 4078 et
381 4005 471 4063 caute
486 4006 606 4064 tantum
631 4001 836 4064 adhibendum
856 4005 904 4062 est
917 3996 958 4083 ⁸).
983 3997 1131 4074 Accedit,
1156 3997 1241 4079 quod
1268 4014 1321 4056 ra-

129 4109 218 4172 tione
242 4107 395 4172 historiae
419 4109 614 4194 evangelicae
643 4110 842 4174 considerare
877 4112 1021 4191 oportet,
1056 4105 1163 4167 lesum
1188 4102 1320 4167 diversis

129 4216 327 4299 temporibus
351 4217 484 4280 diversis
507 4217 538 4279 in
554 4217 634 4281 locis
651 4218 793 4280 diversos
811 4217 972 4281 auditores
992 4214 1185 4292 instituisse,
1215 4213 1262 4275 ita
1283 4217 1319 4274 ut

130 4325 320 4388 credendum
338 4323 395 4403 sit,
425 4344 494 4386 cum
512 4325 638 4388 eandem
655 4324 828 4401 doctrinam
843 4347 905 4388 non
928 4323 1024 4386 semel
1039 4326 1158 4386 tantum
1176 4323 1232 4384 sed
1249 4339 1319 4383 sae-

127 4424 201 4517 pius
223 4431 343 4511 verbis,
367 4437 402 4494 ut
429 4431 499 4495 lieri
523 4411 615 4506 solet,
637 4433 712 4516 'plus
734 4433 871 4497 minusve
893 4433 1025 4496 diversis
1041 4429 1219 4508 tradidisse,
1249 4449 1318 4490 eum

127 4525 243 4614 ,contra
256 4524 391 4626 'singulis
403 4541 612 4627 Evangelistis
628 4541 802 4638 doctrinam
818 4542 951 4626 aliquam
968 4541 1063 4604 semel
1080 4545 1198 4604 tautum
1216 4537 1317 4601 literis
1434 4579 1435 4582 κ

125 4652 294 4717 mandasse
310 4646 470 4726 sufficiens
486 4651 585 4716 luisse
601 4651 770 4718 videretur.
803 4655 902 4731 Quam
927 4651 966 4714 ob
983 4668 1049 4716 rem
1066 4651 1211 4714 conatum
1227 4647 1320 4730 posi-
