3112 5284
258 466 335 540 2212

256 643 443 728 Prophetas
466 641 636 706 Dominus
657 651 770 705 nomer
785 641 892 708 Jecur
911 641 1076 728 strutus,
1104 643 1169 708 Det
1191 645 1285 730 filius
1306 665 1372 712 suo
1393 666 1447 713 ore

253 757 397 838 primm
410 754 647 837 promutpauit,
670 753 751 816 deta
764 773 828 836 pcr
842 773 925 818 euos
935 751 1116 834 Apostolos
1143 765 1303 838 tanquam
1325 759 1446 841 sontem

254 865 364 928 omnis
374 863 579 928 cerame
593 863 746 926 ueritatis
761 869 935 924 otmarum
949 863 1150 946 discipltnue
1165 868 1256 928 mnae·
1272 877 1446 931 creaturae

253 971 451 1055 praedeces·
465 972 575 1056 jussit
584 967 632 1054 ¹),
656 968 715 1031 Dei
741 968 912 1032 revelantis
939 971 1113 1034 auctoritas
1129 976 1162 1034 at
1176 971 1343 1035 doctrinae
1358 994 1446 1037 reve·

253 1079 336 1142 letae
352 1077 391 1140 ab
409 1076 550 1140 omnibus
566 1075 745 1141 bominibus
759 1073 821 1139 tide
844 1075 947 1139 divina
963 1078 1136 1142 credendae
1156 1081 1311 1144 sanctitas
1334 1083 1445 1145 merito

252 1185 430 1271 postulant,
454 1189 491 1248 ut
516 1189 609 1248 ettam
632 1183 713 1248 istae
742 1203 896 1267 personae
922 1183 1072 1265 biblicae,
1097 1207 1155 1270 per
1175 1207 1251 1270 quas
1267 1187 1357 1252 Dens
1378 1197 1446 1252 ten-

253 1316 344 1380 quam
368 1314 425 1379 per
451 1293 575 1378 legatos
601 1312 676 1358 suos
701 1297 733 1355 et
757 1312 931 1376 praecones
947 1312 1021 1358 suae
1038 1296 1253 1360 sanctissimae
1274 1297 1445 1360 voluntatis

251 1405 378 1468 locutus
395 1407 461 1481 est,
486 1401 585 1466 omnis
602 1400 722 1464 erroris
739 1406 884 1484 expertes
906 1399 1079 1466 habeantur
1100 1404 1161 1483 ita,
1186 1409 1220 1468 ut
1242 1425 1446 1488 quaecunque

251 1516 289 1578 ab
306 1515 352 1578 eis
368 1531 429 1598 qua
442 1510 559 1574 tatibus
583 1509 797 1589 enuntientur,
820 1531 952 1594 prorsus
967 1530 1042 1575 vera
1058 1513 1212 1575 censenda
1226 1513 1293 1575 sint
1303 1501 1348 1591 8).
1372 1515 1445 1578 inde

248 1623 341 1688 iactis
357 1621 516 1704 seqnitur,
538 1615 723 1701 interpretis
745 1635 831 1698 osse,
856 1616 1011 1701 ejusmodi
1034 1619 1266 1684 enuntiationes
1287 1641 1328 1685 eo
1352 1641 1444 1686 sensu
1545 1695 1546 1698 Ἴ

249 1729 409 1815 accipere,
434 1750 497 1814 quo
513 1727 640 1792 veritati
662 1723 836 1810 objectivae
860 1727 1037 1791 conformes
1059 1727 1142 1810 sint,
1169 1748 1300 1813 eumque
1328 1729 1443 1794 nullam

249 1839 479 1924 expositionem
502 1857 529 1900 s.
555 1835 741 1917 Scripturas
763 1833 823 1897 sibi
847 1835 1030 1917 permittere
1047 1856 1161 1918 posse,
1184 1856 1245 1918 qua
1259 1834 1343 1900 iidos
1370 1860 1445 1923 per·
1545 1811 1546 1826 ἵ

248 1969 394 2013 sonarum
411 1947 514 2012 divino
531 1940 639 2006 afflatu
656 1942 851 2024 loquentium
869 1962 995 2025 quoquo
1012 1945 1104 2008 modo
1120 1943 1153 2008 in
1169 1944 1294 2008 dubium
1311 1953 1444 2012 vocetur

250 2061 304 2120 ent
330 2057 421 2140 piane
449 2057 628 2131 evertetur,
651 2052 723 2114 dnm
751 2071 860 2115 eorum
889 2049 992 2114 effatis
1018 2051 1136 2135 aliquid
1163 2051 1235 2116 taisi
1262 2060 1320 2118 aut
1349 2058 1445 2120 certis

247 2166 381 2229 rationis
406 2162 625 2226 dictaminibus
649 2157 801 2222 conmerii
822 2157 982 2222 tribuitur.
1017 2161 1228 2243 Quapropter,
1254 2161 1442 2246 ubicumque

249 2274 334 2337 dicte
355 2271 463 2335 talium
489 2289 696 2355 personarum
713 2267 869 2330 aratione
885 2266 1098 2352 discrepantia
1112 2267 1283 2351 invenerit,
1309 2291 1348 2333 ea
1365 2292 1440 2334 con-

249 2379 359 2446 ciliare
381 2379 481 2462 omni,
506 2400 567 2465 quo
584 2373 655 2441 fieri
670 2379 795 2458 potest,
819 2375 912 2438 modo
938 2376 1064 2439 studeat
1080 2395 1210 2440 necesse
1227 2383 1287 2440 est.
1313 2380 1356 2441 Et
1374 2381 1442 2461 qui·

247 2492 332 2569 dem,
357 2489 410 2552 ubi
434 2508 459 2552 s.
478 2485 646 2568 Scriptura
662 2483 821 2546 contrarie
837 2488 892 2548 est
908 2483 1021 2563 cieris,
1046 2484 1144 2548 certis
1160 2505 1197 2548 ec
1214 2486 1441 2572 stringentibus

244 2598 378 2663 rationis
394 2595 514 2678 effatis,
535 2613 602 2660 eam
618 2593 663 2656 ita
678 2591 882 2673 interpretari
899 2592 1081 2672 conabitur,
1105 2599 1141 2658 ut
1167 2593 1217 2658 bis
1239 2615 1303 2658 nou
1320 2615 1437 2682 repug-

247 2709 318 2786 net;
335 2711 455 2784 contra,
471 2702 524 2768 nbi
540 2701 742 2784 ascriptum
759 2699 844 2764 clare
861 2703 892 2762 et
908 2700 1052 2766 absolute
1067 2699 1220 2785 loquitur,
1238 2703 1268 2767 ei
1284 2704 1438 2770 rationem

246 2814 512 2878 contradicentem
535 2809 770 2874 accommodare
792 2809 941 2874 studebit.
977 2809 1098 2888 Quodsi
1120 2829 1195 2873 voro
1222 2810 1350 2894 eloquia
1366 2833 1437 2895 pcr-

245 2943 410 3002 sonarum,
435 2941 514 3006 qnae
530 2918 651 2983 divinae
673 2916 876 2981 revelationis
895 2937 954 3000 ope
977 2917 1162 3001 loquuntur,
1186 2918 1331 2982 omnibus
1356 2921 1436 2983 Her-

244 3031 435 3093 meueuticae
462 3025 610 3092 subsidiis
636 3021 804 3109 diligenter
831 3035 863 3089 et
889 3033 981 3090 ceute
1005 3025 1172 3110 applicatis
1199 3045 1217 3088 a
1244 3048 1351 3113 pugna
1367 3049 1436 3092 cum

243 3138 367 3202 ratione
383 3135 513 3202 liberari
529 3155 590 3197 nou
603 3132 736 3218 possint,
749 3133 857 3214 potins
873 3155 891 3197 e
907 3133 973 3197 suis
987 3133 1154 3217 principiis
1164 3133 1281 3219 aliquid
1293 3137 1437 3200 remittat

242 3245 414 3328 interpres,
438 3243 489 3308 vei
505 3241 661 3307 deiectum
679 3239 822 3303 criticum
839 3246 893 3305 aut
915 3243 1107 3328 exegeticum
1132 3243 1261 3306 subesse
1283 3249 1435 3326 autumet,

241 3355 291 3418 vei
319 3375 405 3418 suam
432 3351 639 3439 ignoramiem
662 3349 818 3432 fateatur,
843 3369 933 3432 ιῃιιιιι
961 3353 996 3413 ut
1018 3349 1083 3414 iilis
1099 3350 1299 3434 loquentibus
1317 3353 1435 3436 aliquid

240 3462 314 3527 falsi
330 3467 362 3527 st
378 3482 470 3526 sanae
487 3459 603 3524 rationi
618 3457 823 3543 repugnantis
839 3457 990 3522 attribuat
1000 3454 1042 3543 ⁸).

329 3571 401 3634 Pari
429 3569 638 3633 submissione
655 3587 691 3630 ac
707 3565 883 3630 reverentia
909 3565 1067 3652 interpres
1095 3567 1187 3632 etiem
1215 3575 1435 3653 prosequatur

239 3681 345 3741 textus
369 3679 406 3741 Α.
425 3677 471 3756 F,
500 3696 580 3760 quos
609 3673 755 3739 Christus
783 3673 889 3756 ejusve
913 3673 1059 3759 discipuli
1080 3681 1111 3738 tn
1127 3675 1166 3740 N.
1183 3675 1222 3739 Τ.
1245 3676 1433 3762 allegarunt

239 3785 332 3848 hicet
360 3785 440 3849 enim
468 3803 596 3865 sensns,
626 3803 715 3865 mem
742 3783 824 3846 locis
849 3781 985 3846 laudatis
1012 3783 1211 3863 tribuerunt,
1242 3784 1275 3846 in
1303 3785 1346 3848 iis
1377 3803 1435 3867 per

239 3913 420 3959 communes
436 3891 663 3978 interpretandi
685 3889 773 3977 leges
790 3889 980 3975 deprehendi
1001 3913 1062 3954 non
1084 3889 1202 3975 possit,
1227 3895 1433 3978 accipiendus

235 4009 339 4068 tamen
357 4009 422 4083 est,
446 3999 686 4088 quamprimum
710 4005 798 4064 certo
816 4003 955 4080 constat,
980 4019 998 4062 a
1019 4001 1165 4084 personis
1189 3999 1293 4065 divina
1317 4009 1432 4066 aucto-

235 4113 332 4177 ritate
346 4109 533 4176 doceutibns
549 4108 703 4172 creditum
718 4107 834 4188 tuisse,
859 4107 940 4171 bunc
956 4127 1080 4172 sensum
1108 4107 1180 4172 istis
1206 4109 1289 4173 locis
1317 4131 1431 4195 reapse

236 4217 422 4308 subessc⁴).

325 4331 371 4393 Ex
386 4329 479 4393 dictis
496 4331 662 4412 sequentes
678 4323 805 4408 regulas
822 4323 975 4405 speciales
991 4325 1184 4388 derivamus:

324 4439 365 4522 u)
388 4437 450 4501 Ubi
472 4435 711 4519 interpretanda
732 4438 806 4496 sunt
828 4431 919 4496 effata
942 4451 1147 4516 personarum
1163 4435 1269 4499 divina
1284 4439 1430 4500 auctori-

234 4553 301 4612 tate
316 4546 527 4633 loquentium,
551 4541 669 4606 veritas
684 4539 917 4604 hermeneutica
945 4561 1001 4604 seu
1030 4541 1236 4624 expositionis
1262 4545 1431 4609 veritatem

237 4654 437 4738 objectivam,
462 4675 518 4720 scu
545 4649 721 4738 argumenti
742 4647 905 4712 veritatem
934 4648 1072 4712 includat
1094 4669 1223 4714 necesse
1247 4658 1308 4714 cst.
1332 4653 1430 4715 Proin
