3092 5286
246 433 321 508 182

243 631 331 674 orum
347 615 381 674 et
396 611 556 676 Siracides
571 610 723 694 ejusmodi
738 609 908 674 sententias
924 610 1175 694 complectuntur
1191 608 1234 696 ¹).
1257 611 1429 694 Pleraeque

243 740 304 782 non
325 724 414 802 sunt,
439 739 529 804 qnam
551 721 679 806 regulae
702 720 885 804 prudentiae
907 720 945 782 ab
969 718 1161 802 experientia
1183 719 1362 802 collectae,
1385 719 1430 783 vel

242 827 354 891 breves
378 827 539 914 religionis
561 848 718 892 morumve
743 827 905 892 doctrinae
927 827 966 890 ad
987 827 1135 910 pietatem
1159 846 1235 912 erga
1249 827 1375 910 Deum,
1402 832 1431 890 et

237 935 393 1020 justitiam
410 957 446 1000 ac
463 937 651 1020 aequitatem
667 959 743 1023 erga
758 937 898 1002 homines
912 937 1134 1000 inculcandam.
1158 936 1239 1000 Sunt
1255 957 1337 1001 vero
1355 957 1431 1022 gno·

242 1065 310 1108 mae
333 1045 467 1128 duplicis
488 1047 624 1132 generis.
648 1047 712 1109 Aut
733 1045 813 1108 enim
828 1045 994 1110 universim
1013 1049 1045 1108 et
1067 1044 1211 1108 absolute
1232 1047 1431 1126 enuntiatur,

242 1153 326 1238 qnod
341 1154 465 1217 nonnisi
480 1154 518 1218 de
533 1154 688 1238 aliquibus
709 1153 760 1218 vel
776 1155 833 1218 snb
849 1153 1028 1218 conditione
1049 1154 1148 1236 valet,
1172 1159 1228 1218 aut
1244 1157 1366 1217 eontmu
1380 1175 1433 1238 per

243 1259 413 1346 singularia
430 1261 630 1344 exprimitur,
647 1263 731 1344 quod
747 1263 786 1326 de
803 1261 944 1326 omnibns
961 1262 1082 1326 obtinet
1096 1258 1141 1349 ').

331 1369 380 1432 Ad
403 1370 572 1434 sententias
595 1369 768 1458 singulares
790 1391 848 1454 pro
872 1369 1099 1434 uniuersalibus
1119 1369 1261 1434 valentes
1278 1369 1434 1434 accedunt

244 1475 305 1540 alia
327 1497 450 1559 quoqne
474 1477 574 1560 dicta,
598 1499 656 1561 per
679 1477 867 1564 singularia,
892 1499 971 1560 qnae
995 1478 1120 1560 quidem
1129 1467 1167 1542 'in
1191 1477 1317 1540 eunctis
1343 1477 1432 1542 libris

244 1589 430 1670 occurrunt,
453 1587 486 1649 in
509 1586 621 1650 Bibliis
644 1593 748 1650 tamen
763 1587 862 1672 magis
884 1587 1140 1670 frequentantur,
1163 1588 1236 1650 dum
1250 1586 1432 1672 singulares

244 1712 356 1756 causae
379 1713 437 1776 pro
462 1695 620 1778 omnibus,
644 1695 819 1781 singulares
835 1693 966 1758 effectus
989 1715 1048 1777 pro
1073 1695 1234 1778 omnibns,
1259 1693 1433 1779 singularia

244 1798 348 1864 officia
370 1821 428 1884 pro
454 1801 594 1867 omnibus
617 1799 831 1891 ponuntur¹).
855 1803 1044 1866 Praesertim
1067 1801 1223 1866 hocloco
1247 1800 1435 1863 nominanda

242 1927 312 1973 esse
336 1909 545 1974 existimamus
569 1911 709 1994 exempla
732 1932 787 1976 seu
811 1911 1023 1994 narrationes,
1055 1909 1167 1994 quibus
1195 1909 1290 1974 modo
1315 1909 1433 1973 veritas

242 2018 398 2102 generalis
427 2019 477 2083 vel
506 2020 658 2106 singulari
688 2021 791 2104 laeto,
821 2021 872 2086 vel
901 2020 1057 2084 sententia
1092 2018 1222 2102 speciali
1250 2017 1434 2100 profertur,

243 2129 335 2191 modo
368 2134 497 2192 eventus
526 2130 697 2193 communis
728 2150 790 2212 qna
812 2131 915 2215 imago
945 2130 984 2192 ad
1019 2127 1151 2193 similem
1175 2127 1355 2190 doctrinam
1383 2127 1434 2189 de·

244 2235 423 2321 signandam
458 2238 638 2322 adhibetur,
676 2260 808 2323 qnorum
848 2240 937 2322 prius
969 2259 1068 2325 genus
1098 2239 1137 2301 ad
1171 2237 1434 2321 synechdochem,

246 2343 407 2427 posterius
430 2345 468 2407 ad
492 2349 706 2428 metaphoram
730 2347 925 2411 referendum
950 2367 1036 2426 esse,
1060 2350 1149 2430 patet
1171 2337 1215 2431 ⁴).

336 2454 584 2536 Copnoacuntor
619 2459 722 2518 antem
760 2475 890 2544 gromae
933 2455 1074 2540 aliaeque
1114 2453 1238 2517 dicendi
1271 2453 1430 2532 rationes,

246 2578 325 2642 quae
348 2562 387 2625 ad
412 2583 463 2626 cas
487 2565 751 2646 appropinquant,
774 2565 857 2628 haud
881 2561 1052 2628 difficulter
1066 2569 1120 2626 aut
1137 2563 1293 2626 exforma
1316 2561 1432 2626 dictio-

245 2666 310 2746 nis,
334 2673 390 2732 aut
412 2691 448 2734 ex
471 2693 568 2755 nexu,
593 2679 624 2736 et
647 2674 695 2736 rei
717 2678 829 2736 natura
852 2669 895 2759 ὓ).

334 2779 426 2856 Quod
450 2801 555 2844 earum
578 2785 879 2865 interpretationem
902 2781 1032 2864 attinet,
1068 2801 1129 2843 non
1159 2779 1284 2861 quidem
1315 2799 1432 2865 negan-

244 2887 315 2949 dum
339 2893 403 2968 est,
433 2889 613 2972 nonnullas,
645 2890 718 2972 qnia
741 2891 898 2976 quidpiam
921 2889 1025 2976 arguti
1054 2893 1085 2951 et
1109 2888 1247 2952 abstrusi
1268 2888 1433 2970 praescie-

244 2999 333 3080 runt,
357 3017 493 3080 nosque,
524 2997 599 3080 qnid
631 2997 676 3060 eis
706 3018 811 3062 ansam
841 2997 980 3082 dederit,
1011 2997 1105 3080 latet,
1131 2996 1335 3060 obscuriores
1360 3016 1428 3059 esse

243 3101 304 3182 ita,
328 3109 364 3167 nt
387 3107 425 3168 ad
442 3127 546 3170 earum
569 3127 693 3170 sensum
718 3109 884 3172 eruendum
909 3126 988 3190 opus
1004 3106 1047 3170 sit
1063 3105 1194 3190 quadam
1215 3105 1337 3190 ingenii
1360 3105 1432 3168 sub·

244 3213 377 3297 tilitate3
413 3216 580 3300 pleraeque
610 3223 714 3282 tamen
743 3217 811 3280 sine
846 3214 1031 3280 difficultate
1061 3215 1264 3300 explicantur.
1301 3215 1375 3292 Quo
1403 3212 1432 3274 in

244 3323 371 3406 negotio
403 3326 571 3388 cavendum
602 3331 650 3388 ert
679 3325 865 3407 interpreti,
902 3345 941 3386 ne
971 3323 1123 3406 ejusmodi
1153 3322 1319 3388 sententiis
1345 3321 1430 3404 justo

245 3431 346 3493 minus
369 3437 423 3495 ant
446 3433 517 3515 plus
541 3434 708 3516 attribuat,
732 3437 851 3497 temere
875 3451 998 3496 sensnm
1022 3433 1236 3518 angustiorem
1259 3435 1314 3494 ant
1338 3431 1431 3494 latio·

245 3557 312 3600 rem
336 3543 492 3622 statuens,
523 3561 613 3622 quam
636 3541 769 3624 loquens
793 3541 935 3603 intendit.
960 3543 1058 3619 Quem
1083 3539 1114 3602 in
1144 3537 1236 3602 linem
1266 3537 1431 3622 diligenter

246 3647 387 3709 attendat
405 3649 444 3710 ad
469 3652 662 3732 contextum,
686 3649 733 3712 rei
756 3653 897 3712 naturam
904 3694 913 3732 ,
938 3647 1181 3732 parallelismnni
1203 3651 1235 3710 et
1258 3645 1430 3731 analogiam

246 3753 417 3838 doctrinae,
442 3776 521 3837 quae
537 3756 722 3820 adminicula
737 3777 861 3821 sensnm
885 3761 933 3819 sat
947 3755 1032 3818 clare
1047 3755 1226 3834 recludent3
1250 3755 1324 3817 dum
1339 3755 1428 3816 modo

247 3861 392 3926 universe
416 3869 448 3927 et
471 3864 613 3928 absolute
629 3865 713 3929 dicta
736 3867 859 3930 nonnisi
881 3867 931 3930 uel
954 3866 992 3928 de
1015 3865 1198 3947 plerumque
1222 3862 1429 3948 contingenti·

247 3971 325 4050 bus,
348 3972 398 4036 vel
420 3973 459 4038 de
481 3979 571 4058 parte
594 3973 721 4056 majori,
744 3974 794 4038 vel
818 3974 875 4037 sub
900 3974 1029 4055 quadam
1049 3972 1250 4036 restrictione
1273 3972 1382 4036 valere
1399 3973 1428 4032 et

249 4085 434 4164 propterea,
459 4088 495 4146 nt
517 4103 574 4167 par
597 4087 662 4168 est,
694 4082 928 4167 restringenda,
961 4081 1052 4144 modo
1077 4080 1163 4144 dicta
1184 4099 1242 4162 per
1263 4078 1429 4164 singularia

249 4187 413 4252 veritatem
436 4191 641 4256 universalem
668 4191 846 4272 enuntiare,
867 4195 902 4266 ,et
917 4190 1009 4272 proin
1032 4191 1071 4252 ad
1093 4187 1184 4272 hujus
1207 4188 1359 4252 ambitum
1378 4205 1427 4249 ex·

248 4298 403 4360 tendenda
429 4318 514 4379 esse,
539 4299 668 4364 innuunt
684 4295 727 4385 ο).

273 4478 299 4548 ¹)
319 4485 457 4532 Ernesti
468 4484 563 4544 Opust.
575 4487 642 4530 orat.
654 4497 679 4544 p.
694 4485 940 4546 52.sst=,„1ntiorie
955 4485 1036 4531 sacris
1049 4487 1092 4530 est
1109 4493 1229 4530 numerus
1247 4481 1426 4540 pulcherrima·

317 4576 595 4642 rum,acutisslmarum
603 4579 630 4623 et
642 4577 848 4636 gravissimarum
862 4577 1055 4632 sententiarum,
1065 4587 1129 4635 quae
1138 4574 1188 4620 vim
1201 4575 1227 4620 et
1240 4576 1361 4619 ornatum
1372 4581 1426 4616 ora-

319 4670 380 4717 tiont
389 4668 611 4732 pessumsedere,
622 4670 729 4726 quantos
739 4671 778 4716 est
787 4669 811 4714 tn
820 4669 888 4716 nullo
897 4665 1049 4714 Graecorum
1060 4665 1238 4715 etlratinorum
1248 4660 1424 4722 scriptornm.”
