3120 5294
231 626 322 687 etiam
346 626 447 707 quoad
471 623 622 686 vocabula
643 625 673 686 in
697 643 722 684 s.
748 623 856 686 codice
879 625 1088 706 frequentata,
1119 627 1304 708 praesertim
1329 625 1424 709 poly-

231 752 316 794 sema
339 753 400 794 non
424 733 524 794 solnm
549 731 692 794 notiones
715 751 835 808 omnes,
860 732 939 794 band
965 753 1037 794 raro
1055 733 1253 816 multiplices,
1278 754 1425 795 nonnun-

230 861 320 922 quam
342 839 555 923 divergentes‚
587 839 647 901 imo
677 846 708 900 et
732 839 893 922 oppositas
919 840 1048 921 docent,
1085 843 1141 902 sed
1173 861 1240 902 earn
1276 861 1422 923 quoqne,

228 969 319 1028 quarn
343 948 477 1009 caeteris
501 947 745 1031 repugnantibus
770 955 874 1008 certus
900 947 988 1010 locus
1013 949 1110 1033 exigit
1137 949 1314 1025 notionem,
1344 949 1423 1011 licet

227 1055 414 1117 insolentior
436 1055 493 1133 sit,
523 1057 554 1118 in
577 1061 645 1117 tuto
671 1055 829 1116 collocant
845 1051 894 1139 Ἲς
931 1056 1003 1116 dum
1030 1056 1100 1118 dein
1129 1056 1342 1140 significatus,
1369 1057 1425 1138 qui

229 1163 412 1246 quibusdam
439 1163 599 1226 vocabulis
630 1167 755 1246 praeter
784 1163 966 1224 usitatiores
996 1163 1026 1224 in
1053 1168 1139 1224 certa
1166 1163 1268 1226 solnm
1302 1183 1424 1226 conne-

234 1273 324 1334 xione
368 1275 422 1332 ant
470 1272 704 1335 construetione
749 1277 929 1354 competunt
976 1272 1114 1334 rariores
1160 1292 1196 1334 ae
1242 1272 1423 1354 peculiares

231 1381 390 1442 illustrant
413 1385 507 1463 atque
531 1377 713 1442 confirmant
729 1377 777 1464 ὓς
803 1381 874 1442 dum
902 1400 997 1460 porro
1020 1381 1158 1442 valorem
1186 1380 1423 1462 expressionum

228 1507 428 1572 graecarum,
462 1509 590 1570 quarum
622 1489 743 1572 plenam
774 1493 963 1570 potestatem
995 1491 1033 1551 ob
1058 1490 1201 1550 notiones
1225 1491 1424 1552 accessorias

229 1597 274 1658 cis
297 1597 555 1658 adhaerescentes
576 1597 675 1658 lexico
700 1599 799 1658 minus
823 1598 993 1680 adaequate
1017 1598 1160 1675 reddunt,
1184 1598 1245 1659 imo
1263 1596 1294 1658 in
1315 1597 1425 1682 lingna

233 1707 332 1769 aliena
357 1705 488 1792 singulis
513 1707 616 1768 verbis
641 1705 957 1788 correspondentibus
987 1726 1118 1787 prorsus
1141 1707 1313 1788 adaequate
1345 1707 1422 1768 red-

228 1815 301 1877 dere
324 1835 362 1876 ne
386 1819 517 1896 possunt
542 1815 684 1897 quidem,
721 1814 803 1876 sicut
828 1821 858 1876 et
883 1813 1048 1878 subtiliora
1083 1833 1326 1898 synonymorum
1354 1813 1422 1875 dis-

227 1923 356 1986 erimina
390 1924 567 1986 accuratius
591 1918 792 2010 indicant⁵)3
825 1924 897 1984 dum
927 1923 1059 2004 denique
1086 1943 1143 2004 pro
1167 1943 1242 1984 usus
1271 1922 1422 2006 loquendi

226 2033 331 2096 studio
353 2032 534 2112 ampliorem
557 2031 717 2116 analogiae
743 2031 866 2116 linguae
890 2031 1099 2116 cognitionem
1123 2038 1154 2094 et
1177 2031 1270 2092 simul
1297 2031 1422 2093 cautio·

228 2162 282 2202 nes
306 2139 337 2200 in
361 2138 452 2220 liujus
475 2139 606 2201 subsidii
635 2160 693 2200 usn
715 2139 904 2202 adhibendas
925 2139 1136 2222 suppeditant,
1159 2161 1215 2202 nec
1242 2159 1302 2200 non
1320 2139 1421 2220 expli-

228 2247 368 2310 cationes
384 2267 494 2308 vocum
511 2246 730 2329 phrasiumque
750 2247 945 2326 bibliearnm‚
968 2268 1046 2331 qnae
1068 2247 1145 2310 licet
1168 2247 1284 2328 passim
1306 2267 1420 2329 recep-

226 2363 294 2432 tae,
326 2358 460 2418 attamen
494 2376 555 2417 non
587 2355 663 2416 satis
695 2357 829 2418 munitae
864 2361 896 2417 et
929 2358 968 2418 ad
996 2357 1166 2440 perlectam
1197 2355 1418 2418 certitudinem

228 2467 365 2540 erectae,
390 2469 443 2525 aut
467 2483 598 2544 prorsus
620 2462 718 2525 falsae
743 2469 831 2541 sunt,
856 2464 888 2526 in
911 2465 1011 2550 priori
1035 2486 1111 2528 casn
1133 2471 1186 2526 ant
1211 2465 1299 2526 novis
1323 2484 1418 2547 argu·

228 2572 340 2636 mentis
363 2572 586 2650 corroborant,
612 2577 705 2655 atque
730 2578 839 2634 contra
864 2573 957 2636 dubia
979 2579 1011 2636 et
1034 2571 1284 2636 adversariorum
1310 2573 1418 2653 objec-

227 2682 330 2744 tiones
353 2680 527 2759 vindicant‚
549 2680 580 2742 in
607 2681 778 2764 posteriori
803 2703 876 2746 vero
902 2704 976 2746 casu
1003 2684 1215 2746 demonstrata
1239 2702 1344 2744 earnm
1359 2679 1420 2742 fal·

229 2789 324 2852 sitate
348 2789 512 2866 damnant,
540 2789 646 2872 eisque
671 2789 699 2851 si
723 2811 783 2852 non
807 2798 926 2869 certas,
951 2791 1061 2852 saltem
1089 2788 1319 2872 probabiliores
1345 2789 1420 2850 sub-

229 2898 363 2960 stituunt
380 2891 423 2983 ⁰).

318 3005 356 3093 b)
383 3005 449 3068 Nee
467 3006 568 3070 minus
582 3011 713 3071 ratione
728 3011 1143 3091 psammetico-spatoctica
1160 3007 1296 3069 studium
1315 3007 1416 3070 Grae-

230 3137 339 3178 corum
362 3114 570 3200 cognitionem
604 3117 729 3202 linguae
753 3139 886 3204 graecae
920 3117 1047 3203 egregie
1075 3117 1221 3199 adjuvat,
1257 3116 1329 3176 dum
1363 3135 1419 3196 per

230 3225 317 3309 leges
338 3225 572 3309 grammaticas,
601 3247 677 3310 quas
699 3227 745 3289 illi
771 3231 961 3312 sequuntur,
985 3246 1079 3308 saepe
1101 3225 1190 3288 locos
1213 3223 1416 3288 obscuriores

227 3333 381 3410 illustrat,
405 3337 437 3396 et
452 3334 728 3416 interpretationes
745 3342 849 3399 rectas
872 3331 1035 3398 confirmat
1058 3335 1106 3398 vel
1133 3353 1281 3396 erroneas
1305 3351 1417 3413 repro·

228 3441 282 3502 bat
293 3438 344 3527 ⁷)3
368 3443 440 3506 dnm
456 3441 527 3503 dein
544 3463 648 3504 omnes
666 3439 911 3527 significationes
923 3443 1147 3525 particularum
1161 3441 1254 3504 etiam
1270 3440 1419 3515 rariores,

229 3569 308 3629 quae
336 3548 368 3612 in
393 3549 611 3613 constituenda
635 3550 786 3614 orationis
820 3553 1057 3614 constructione
1084 3571 1122 3614 ac
1157 3549 1312 3612 sententia
1341 3547 1420 3610 tanti

229 3655 378 3718 momenti
401 3661 488 3734 sunt,
515 3655 665 3742 docet⁸J3
688 3660 760 3720 dum
777 3660 910 3742 deniqne
926 3661 1008 3726 haud
1024 3680 1097 3722 raro
1116 3677 1239 3742 qnoque
1256 3677 1314 3738 pro
1335 3655 1417 3736 diju-

229 3763 370 3827 dicandis
394 3769 425 3824 et
446 3765 639 3842 tractandis,
664 3765 691 3826 si
714 3787 791 3847 quae
809 3773 989 3845 occurrunt,
1015 3767 1313 3842 constructionibus,
1340 3785 1418 3847 quae

227 3872 372 3932 videntur
395 3872 574 3948 abnormes‚
599 3871 703 3936 lumen
726 3874 869 3939 accendit
880 3867 923 3962 ⁰).

257 4012 281 4078 ¹)
302 4019 346 4064 Sic
374 4026 477 4066 veteres
505 4019 672 4069 scholiastae
701 4027 725 4068 ct
750 4022 918 4070 Grammatici
948 4026 1103 4070 damnarunt
1134 4035 1224 4068 vocem
1255 4017 1419 4084 συμπολίτης

304 4109 421 4156 concivis
448 4110 555 4170 [upnes.
576 4113 614 4167 ll,
639 4113 691 4166 19.)
719 4116 839 4173 tauquam
863 4117 944 4160 minus
965 4127 1102 4173 graecam,
1121 4113 1189 4172 quod
1207 4124 1271 4160 vero
1291 4112 1420 4156 immerito

302 4203 399 4248 tactum
417 4212 477 4246 essa
497 4201 579 4258 quivis
599 4203 624 4247 in
644 4202 803 4252 Graecorum
830 4206 937 4264 scrtptis
965 4208 1087 4252 versatus
1112 4203 1246 4262 intelligit,
1269 4214 1324 4246 cum
1345 4203 1419 4246 obvia

304 4293 340 4336 sit
358 4291 427 4348 apud
448 4292 558 4350 optimos
586 4298 719 4350 auctores,
748 4295 786 4340 uti
807 4296 874 4352 apud
893 4297 1066 4342 Aelianum
1093 4295 1119 4340 ia
1146 4293 1174 4338 V.
1194 4294 1222 4338 ll.
1247 4293 1299 4350 ur,
1320 4305 1341 4336 c.
1368 4293 1418 4344 tt„

303 4381 372 4440 apud
389 4381 537 4441 Flurtptd.
555 4383 582 4428 in
600 4384 701 4431 Theseo
716 4389 748 4446 'et
767 4385 900 4430 Heraelld.
922 4389 991 4430 teste
1010 4385 1153 4430 Polluce
1172 4383 1198 4428 ln
1219 4382 1353 4427 Onomast.
1375 4381 1417 4431 ru,

302 4479 358 4520 sect
377 4474 419 4518 51.
439 4478 464 4519 et
482 4473 567 4520 Schol.
586 4477 756 4535 Aristoph.
781 4477 805 4521 in
828 4477 887 4522 Pac.
911 4491 935 4534 p.
956 4478 1017 4522 692.
1048 4475 1169 4521 Similiter
1193 4474 1313 4531 phrasin:
1334 4466 1419 4536 apue'm

301 4565 346 4624 τὴν
361 4561 448 4633 Σύραν
466 4565 534 4624 [Aet.
548 4566 609 4620 llll,
634 4568 700 4625 tta),
722 4579 795 4625 quam
813 4569 881 4613 inter
896 4567 1072 4612 barbarismos
1091 4565 1251 4621 retulerunt,
1273 4564 1298 4608 tn
1317 4563 1418 4608 Xeno-

300 4660 437 4715 phontis
458 4657 542 4718 Symp.
564 4660 588 4713 1,
615 4661 652 4703 tt.
673 4658 795 4704 inveniet.
