3190 5290
1318 468 1371 542 37

187 642 352 706 flectiones
368 645 493 723 addant,
511 645 694 724 demantquc
711 643 863 724 antiquas,
881 643 926 706 ita
941 647 976 706 ut
987 661 1023 706 ex
1039 641 1373 728 significationevoca·

187 754 254 816 buli
271 754 301 814 in
319 753 452 816 dialecto
470 754 507 815 ad
525 747 649 814 eandem
673 750 931 836 significationem
947 751 978 814 iu
1003 751 1109 838 lingua
1131 757 1230 816 matre
1247 758 1300 815 aut
1316 773 1371 818 so·

186 883 262 927 rnre
280 869 367 924 certo
385 861 529 924 concludi
545 883 605 924 non
623 861 725 942 possit
738 856 778 940 ⁰).
816 859 910 923 Circa
924 859 1055 944 phrases
1071 860 1171 942 major
1188 860 1373 926 observatur

190 969 337 1048 omnium,
353 968 496 1050 inprimis
514 975 726 1054 cognatarum,
743 967 917 1054 linguarum
935 967 1203 1055 convenientias).

217 1126 243 1198 ¹)
262 1134 383 1192 Exemplo
402 1135 437 1180 eit
454 1133 539 1192 lingua
559 1133 658 1188 latina,
684 1147 749 1193 quae
769 1134 850 1180 medio
870 1146 950 1195 aevo,
979 1145 1035 1180 cum
1054 1135 1079 1180 iu
1109 1147 1155 1181 ore
1174 1135 1262 1194 populi
1280 1137 1374 1182 dudum

259 1223 312 1284 jam
332 1225 515 1279 conticuisset,
545 1225 593 1270 imo
618 1228 709 1270 nostro
733 1225 813 1271 adbuc
838 1237 901 1272 aevo
929 1226 1003 1284 quasi
1027 1225 1104 1285 vire,
1131 1229 1157 1272 et
1175 1227 1201 1272 in
1220 1227 1260 1272 rei
1279 1239 1376 1274 summa

262 1325 311 1360 usu
329 1313 449 1372 loquendi
468 1313 596 1360 immutato
616 1315 752 1361 remansit.

216 1396 241 1464 ²)
262 1403 306 1449 Sic
322 1402 475 1462 significatio
494 1404 567 1450 verbi
587 1405 725 1462 compositi
746 1399 913 1468 anapaestico
939 1404 1047 1452 citatum
1064 1398 1154 1471 facio,
1174 1407 1246 1466 prius
1266 1406 1376 1464 cognitis

261 1493 377 1552 partibus
404 1489 506 1558 μόσχος
531 1500 557 1540 et
581 1490 676 1554 notior,
708 1499 734 1539 et
764 1493 918 1554 significatio
950 1497 1076 1541 translata
1107 1496 1260 1542 substantivi
1292 1493 1375 1560 γάμος

263 1584 427 1641 conuicium,
456 1591 594 1643 perspecte
613 1585 689 1642 bujus
709 1587 780 1632 vocis
800 1590 929 1644 potestate
949 1587 1087 1644 primariae
1112 1586 1235 1648 nuptiae,
1260 1587 1293 1632 ed
1312 1599 1375 1644 quas

263 1675 404 1720 convivium
424 1675 608 1732 apparabatur,
629 1678 767 1734 perspicua
786 1679 836 1722 est.

215 1759 243 1828 ⁸)
265 1765 327 1823 Quis
347 1779 371 1810 c.
387 1778 410 1824 g.
436 1777 467 1810 ex
486 1768 588 1824 cognite
606 1765 793 1824 significatione
812 1767 907 1812 radicis
933 1761 969 1814 ἕω
989 1771 1032 1814 aut
1052 1761 1108 1831 ίημι
1127 1768 1257 1828 conjicere
1275 1769 1373 1828 poterit

264 1869 384 1914 qumnam
403 1855 605 1915 significationes
626 1857 719 1903 Graeci
747 1870 802 1904 cum
822 1859 943 1905 derivatis
963 1863 989 1904 et
1008 1859 1158 1918 compositis
1178 1857 1373 1918 conjunxerint?

263 1947 316 1991 Hoc
336 1959 366 1992 ex
384 1959 433 1992 usu
452 1947 572 2006 loquendi
592 1946 746 1992 Graecorum
767 1948 916 1994 discendum
938 1951 987 1994 est.

215 2029 243 2101 ⁴)
265 2037 342 2096 Cujus
362 2039 465 2096 generis
480 2046 554 2084 sunt:
576 2040 632 2084 dum
647 2040 798 2096 etymologia
811 2040 951 2098 investiget
963 2041 1069 2100 primam
1091 2039 1273 2086 vocabulorum
1293 2039 1375 2099 sigul-

262 2126 420 2184 ficationem,
441 2129 600 2184 atmodum,
627 2143 676 2188 qua
696 2131 727 2174 ad
751 2131 800 2174 aiis
819 2129 987 2188 significanda
1005 2133 1127 2177 translata
1146 2134 1220 2186 sunt,
1249 2131 1297 2176 boc
1317 2130 1375 2190 ipsc

263 2217 378 2263 illustrat
402 2216 601 2276 significationes
633 2220 780 2278 derivatas,
811 2233 906 2280 easque
935 2221 1060 2266 clariores
1080 2225 1106 2266 et
1125 2221 1262 2266 distinctas
1281 2220 1374 2265 reddit.

263 2308 315 2354 Cur
333 2321 358 2354 e.
379 2321 404 2366 g.
425 2284 499 2380 &ispi
518 2308 644 2366 significet
669 2309 814 2372 infernam,
835 2311 1031 2370 receptaculum
1056 2313 1236 2364 mortuarum,
1264 2322 1294 2356 ex
1319 2310 1374 2368 sig-

263 2396 409 2444 nificatione
430 2399 526 2446 radicis
541 2375 603 2472 5κῇ
623 2400 738 2460 rogavit,
768 2401 907 2462 poposcit,
934 2402 1029 2461 liquet,
1050 2403 1109 2460 quia
1128 2413 1219 2460 nempe
1238 2401 1270 2447 ad
1290 2401 1373 2446 locum

262 2489 338 2532 istum
359 2501 446 2535 omnes
466 2491 587 2536 mortales
607 2491 783 2548 requiruntur.
822 2492 881 2536 Pari
905 2493 1005 2538 ratione
1030 2492 1185 2550 significatio
1204 2492 1300 2537 iovmae
1320 2503 1373 2536 mc-

262 2580 318 2624 diae
331 2579 406 2626 verbi
417 2572 522 2644 ,ἰφιέμαι
535 2579 674 2634 desidero,
694 2594 724 2626 ex
738 2579 924 2640 significatione
943 2584 1025 2640 prima
1044 2583 1142 2628 formae
1161 2581 1260 2627 activae
1282 2574 1372 2646 ἐφίημι

257 2669 348 2724 mitto,
374 2669 482 2716 remitto
502 2684 598 2731 saper,
625 2673 660 2717 ad
686 2675 725 2716 vei
744 2685 839 2718 aereas
872 2673 990 2732 (aliquam
1009 2673 1076 2730 rem)
1096 2673 1252 2718 declaratur.
1291 2673 1371 2717 Porro

258 2761 387 2818 syntaxis,
408 2773 473 2818 quae
493 2761 597 2806 videtur
617 2763 769 2820 singularis,
791 2775 822 2806 ex
840 2761 1028 2820 significatione
1048 2762 1178 2820 primitiva
1191 2762 1273 2807 lucem
1292 2761 1371 2816 capit.

259 2850 309 2894 (tur
327 2863 349 2896 e.
363 2863 388 2908 g.
403 2852 452 2918 232)
473 2851 574 2897 amavit
592 2863 648 2896 cum
672 2828 706 2912 ἢ)
731 2855 757 2896 et
781 2829 818 2912 bit
842 2857 1024 2912 construatur,
1054 2865 1085 2898 ex
1102 2851 1288 2910 significatione
1313 2851 1369 2907 pri-

259 2953 298 2984 ma
310 2953 317 2984 c
331 2940 513 3000 admiratione
522 2939 633 3000 alicaJas
649 2943 743 2988 ductas
758 2945 806 3000 cst,
818 2944 936 2998 patescit.
956 2944 987 2987 iit
1003 2956 1068 3000 quae
1084 2950 1142 2988 eunt
1153 2943 1203 2988 aila
1213 2941 1369 3001 bujuamndi.

209 3024 236 3090 ⁵)
257 3031 435 3078 Similitudinis
449 3032 531 3084 ratio,
552 3045 616 3090 quae
635 3034 751 3091 analogia
771 3037 891 3088 vocatur,
911 3034 936 3078 in
956 3036 1044 3080 eadem
1063 3035 1149 3092 lingue
1169 3039 1214 3080 aut
1241 3035 1266 3080 in
1286 3033 1368 3090 pluri-

257 3121 303 3166 bus
329 3119 475 3183 (cognatis,
500 3122 551 3166 imo
571 3127 596 3166 ct
615 3123 724 3169 diversis
745 3124 852 3182 linguis)
876 3125 958 3169 locum
978 3125 1074 3170 babere
1093 3128 1196 3183 potest,
1223 3127 1250 3168 et
1268 3124 1293 3166 iu
1313 3125 1369 3166 lor·

256 3212 303 3258 mis
323 3213 519 3264 vocabulorum,
540 3213 675 3269 phrasibus
689 3226 718 3257 ac
732 3211 958 3270 significationibus
972 3216 1022 3260 vim
1036 3227 1107 3260 suam
1131 3214 1239 3258 exserit.
1271 3215 1367 3270 Quate-

256 3316 305 3348 nus
331 3303 354 3346 in
375 3303 464 3348 eadem
488 3302 575 3360 lingua
594 3303 706 3359 obtinet,
733 3305 797 3348 alias
818 3305 893 3348 etiam
914 3304 1040 3364 analogia
1052 3304 1230 3364 grammatica
1249 3305 1366 3362 appella-

256 3398 314 3450 tur3
347 3395 471 3451 quaetenus
497 3406 559 3438 vero
580 3396 734 3452 comparatis
754 3394 872 3454 pluribus
897 3395 992 3453 linguis
1012 3395 1179 3454 observatur,
1212 3387 1368 3454 analogiam

212 3464 214 3470 Ι
256 3484 447 3538 dialeclnram,
476 3484 628 3546 linguarum
657 3489 831 3544 cognatarum
859 3489 886 3531 ct
906 3486 1060 3546 lingaara'm
1078 3486 1248 3534 diversarum
1274 3485 1367 3531 distin-

255 3581 343 3632 guunt.
381 3575 434 3620 Nos
448 3575 497 3620 boc
511 3577 566 3620 loco
588 3589 635 3635 per
647 3577 787 3634 catalogiam
800 3576 901 3634 linguae
915 3577 1082 3635 intelligimus
1095 3575 1270 3622 similitudinis
1285 3577 1366 3622 ratic-

254 3677 310 3708 nem
329 3665 460 3710 lacedem
478 3665 576 3725 lingna,
596 3666 738 3724 analogiam
758 3665 865 3725 plurium
882 3667 1030 3726 linguarum
1051 3667 1083 3712 ad
1097 3666 1265 3715 dialectorum
1277 3666 1366 3712 subsi-

253 3756 320 3802 dium
340 3759 543 3804 saracenica-
563 3759 700 3805 Caeterum
714 3760 782 3804 coni.
796 3759 889 3806 Maras
902 3761 922 3808 1.
941 3772 963 3806 c.
983 3760 1038 3807 Vol.
1059 3760 1078 3804 l.
1097 3774 1124 3819 p.
1142 3760 1191 3806 168
1204 3771 1260 3819 sqq.
1280 3757 1364 3806 boeb-

253 3845 310 3905 nie,
331 3847 514 3894 Hermeneutik
534 3861 559 3904 p.
581 3848 615 3893 52
629 3861 703 3907 seqq.

307 3937 428 3994 Exempla
446 3938 578 3994 analogiae
597 3937 659 3982 baec
679 3941 768 3985 sunto:
795 3939 860 3995 Quia
873 3940 969 3984 iormae
988 3939 1127 3986 verborum
1146 3941 1284 3986 latinorum
1299 3938 1365 3986 acti-

253 4039 300 4070 vae
320 4027 395 4071 etiam
416 4025 570 4084 significatio
589 4027 672 4072 activa
690 4027 827 4086 adhaeret,
857 4033 929 4074 recte
948 4029 1136 4086 concludimus,
1163 4032 1240 4076 talem
1265 4029 1361 4089 signifi·

250 4113 362 4161 cationis
382 4116 506 4161 rationem
525 4117 626 4164 verbis:
658 4131 730 4172 aneo,
753 4120 849 4176 doceo,
873 4112 944 4178 lego,
974 4119 1052 4165 aadio
1073 4133 1196 4167 annexam
1223 4132 1298 4180 essea
1320 4124 1361 4166 est

250 4205 331 4251 verba
349 4207 446 4268 capello
471 4209 498 4252 et
516 4219 598 4254 aeneo
616 4213 707 4254 eontra
725 4220 824 4254 omnem
844 4209 985 4266 analogiam
1006 4220 1063 4254 cum
1084 4211 1167 4258 forma
1186 4209 1270 4256 activa
1283 4211 1364 4268 signi·

251 4296 393 4343 dicationem
421 4299 548 4356 passivam
569 4299 736 4359 coniungunt.
774 4300 834 4346 Pari
852 4302 926 4348 modo
951 4301 1010 4359 quia
1030 4293 1117 4348 ltalia
1135 4303 1241 4350 vocibus
1264 4303 1364 4362 graecis

251 4386 453 4447 junctumnotat
478 4389 610 4448 affectare
630 4389 743 4451 aliquid,
773 4393 800 4436 ct
818 4391 894 4448 proin
915 4385 1076 4456 ἐθελόσοφος
1096 4393 1292 4452 estaffectatcr
1317 4405 1364 4439 aa·

249 4479 383 4542 pientiae,
404 4483 430 4526 et
443 4474 600 4534 εθελὸπονος
614 4482 716 4536 dicitur,
738 4482 783 4542 pai
796 4497 883 4530 canae
896 4485 1003 4545 gloriae
1019 4479 1170 4546 captandae
1189 4497 1271 4530 caasa
1289 4477 1363 4530 labo·

250 4567 341 4616 rictas
361 4569 449 4617 videri
475 4570 596 4630 affectat,
624 4571 685 4618 hinc
707 4575 764 4618 voci
783 4569 936 4629 εθελάσειος
955 4581 1026 4620 reete
1051 4575 1173 4621 tribuitur
1211 4572 1365 4632 significatio

250 4657 434 4709 urbanitatem
461 4663 488 4708 ct
510 4661 668 4722 elegantiam
689 4665 835 4724 affectuum
862 4668 903 4712 ast
932 4655 1094 4718 ibeiidaioc
1112 4663 1282 4712 decertabat
1300 4675 1364 4710 ana-
