3112 5284
266 433 343 508 coi

267 613 315 694 (5.
338 610 389 698 5).
436 613 534 690 Quam
559 611 686 674 obrem
708 616 771 674 tum
795 627 905 674 sensus
927 610 1079 693 mysticus
1104 614 1168 674 tum
1197 613 1375 696 symbolicns
1392 614 1419 674 ad

262 739 360 807 genus
390 738 501 783 sensus
524 719 650 784 mediati
678 719 799 800 quidem
832 718 1013 782 referendus
1038 724 1103 803 est,
1140 743 1209 783 nam
1233 729 1357 805 uterquc
1376 743 1422 784 non

262 827 438 894 immediate
471 827 592 907 verbis,
629 828 683 890 sed
713 828 825 908 robus,
860 847 937 911 quae
968 826 1064 892 verba
1096 831 1287 912 exprimunt,
1317 831 1423 907 subest3

263 936 368 1021 specie
382 941 486 1000 tamen
508 936 590 999 alter
613 936 651 1003 ab
673 936 771 998 altero
788 932 902 1000 dillcrt.
949 935 1072 998 litenim
1096 956 1206 1000 sensus
1222 937 1367 1021 mysticus
1379 936 1423 998 ba·

260 1047 369 1127 betur,
392 1045 446 1108 ubi
460 1065 510 1108 res
526 1043 630 1108 verbis
648 1061 875 1127 expresseram
893 1043 1103 1109 sublimiorem
1120 1047 1159 1108 ad
1177 1045 1334 1110 Christum
1354 1045 1422 1127 ejus·

261 1175 322 1236 qne
345 1173 473 1238 regnum
497 1158 689 1237 spectantem
705 1151 888 1236 prophetice
908 1152 1070 1238 designat3
1094 1159 1204 1217 contra
1225 1173 1422 1237 111111111-

260 1261 383 1326 bolicus
399 1262 502 1340 adest,
528 1261 581 1323 ubi
595 1279 648 1324 res
663 1261 712 1324 vel
729 1260 812 1324 actio
828 1259 932 1323 verbis
949 1281 1095 1344 expressa
1111 1261 1202 1324 stiam
1220 1262 1300 1325 alius
1317 1262 1420 1344 quiden

259 1372 306 1434 rei
322 1369 510 1434 sublimioris
526 1369 576 1433 sel
592 1373 720 1432 eventus
742 1367 840 1431 futuri
855 1369 977 1454 signum
994 1373 1057 1444 est,
1081 1370 1154 1452 quin
1177 1375 1297 1450 tamen,
1331 1369 1422 1433 saltem

262 1479 400 1562 proxime
424 1481 463 1542 ad
486 1477 646 1544 Christum
662 1476 818 1561 pertineat
833 1475 883 1562 (S.
901 1476 996 1563 190).
1032 1478 1140 1561 ltaque
1161 1498 1271 1542 sensus
1293 1479 1423 1562 mysticus

257 1593 289 1652 ct
316 1607 425 1652 sensns
448 1586 639 1671 symbolicus
662 1605 854 1671 nequaquam
878 1587 969 1670 plane
990 1588 1071 1650 idem
1095 1588 1263 1670 denotant,
1288 1590 1342 1652 sed
1357 1588 1419 1650 duaa

259 1697 399 1762 diversae
416 1715 526 1760 sensns
542 1695 667 1760 mediati
682 1695 804 1779 specics
821 1704 903 1758 sunt.

342 1804 490 1872 Nonnulli
514 1803 749 1868 catholicorum
772 1802 959 1867 recentioris
980 1805 1092 1868 aetatis
1115 1826 1177 1868 non
1197 1809 1320 1869 tantum
1344 1826 1416 1869 com·

253 1919 440 1980 memoratas
455 1931 565 1984 sensus
581 1912 706 1976 mediati
722 1911 861 1976 diversas
885 1912 1150 1978 denominationes
1172 1914 1360 1996 permiscent
1379 1919 1418 1976 at·

254 2045 314 2108 quc
341 2021 546 2103 contundunt,
571 2023 627 2084 sod
654 2021 747 2084 etiam
769 2041 837 2084 eam
860 2039 971 2084 sensus
997 2021 1144 2105 mystici,
1169 2043 1261 2106 quem
1283 2023 1315 2086 iu
1337 2022 1422 2086 histo·

251 2132 367 2210 ricum,
390 2131 539 2194 moralem
555 2135 587 2193 et
602 2128 818 2214 propheticum
835 2129 993 2207 dividunt,
1017 2129 1176 2193 notionem
1191 2135 1311 2209 tenent,
1334 2135 1380 2211 ut,
1403 2129 1424 2191 si

249 2257 375 2304 sensum
402 2237 618 2320 propheticum
652 2236 885 2301 eminentiorem
913 2237 1065 2320 excipias,
1101 2259 1166 2301 non
1193 2236 1348 2317 babeant,
1376 2235 1423 2298 nisi

249 2365 375 2412 sensum
403 2345 608 2428 symbolicum
620 2343 663 2432 ⁸).
710 2345 771 2425 Qui
786 2351 954 2430 propterea
977 2345 1168 2428 interpretes
1192 2367 1304 2410 nomen
1331 2345 1422 2428 potius

251 2471 362 2520 sensus
379 2452 521 2537 mystici,
546 2473 636 2542 quam
652 2454 750 2536 ipsam
767 2473 832 2518 rom
848 2457 966 2517 tenent.

275 2652 300 2722 ¹)
320 2659 390 2704 Anno
411 2656 489 2704 1rsa.
509 2656 773 2704 1.1).11111111111
793 2660 818 2703 11
838 2659 977 2718 opuscuioe
998 2659 1116 2706 lintwuri
1133 2659 1178 2704 der
1197 2660 1333 2716 typiscineu
1343 2659 1414 2704 ’11111-

320 2749 402 2808 logie,
422 2748 628 2806 interpretationi
647 2748 747 2806 typicae
764 2750 938 2807 patrocinatus
958 2752 1012 2803 est,
1032 2755 1075 2810 et,
1095 2750 1157 2797 iicet
1172 2750 1245 2808 justo
1266 2749 1417 2808 frequentio-
1517 2721 1518 2758 ³

320 2850 363 2885 res
378 2843 404 2886 et
422 2837 572 2885 arbitrarios
591 2841 665 2898 typos
683 2839 855 2898 antiquiorum
874 2840 1044 2897 interpretum
1064 2840 1225 2897 restringere
1249 2838 1421 2898 studueritis

318 2931 351 2976 iia
370 2933 454 2976 tamen
473 2929 632 2976 assumendis
652 2929 708 2989 ipsa
727 2929 807 2976 adbuc
827 2932 868 2976 sat
894 2929 1006 2977 liberalis
1030 2931 1087 2978 iuit.
1117 2932 1197 2989 Quam
1219 2931 1253 2976 ob
1273 2943 1328 2978 rem
1346 2931 1421 2976 contra

318 3031 375 3066 eum
394 3020 532 3066 insurrexit
550 3019 575 3066 J.
594 3018 676 3066 Guii.
690 3020 755 3066 iiau
773 3019 842 3068 edito
862 3031 957 3080 operer
978 3019 1359 3080 iraimbtbigeilntersueinung
1369 3019 1422 3066 ibcr

318 3109 359 3158 dic
387 3109 540 3169 sypcicgta,
566 3109 671 3169 lirlang.
701 3111 795 3165 1781,
821 3123 870 3169 quo
886 3109 973 3169 iustos
1001 3109 1096 3158 limites
1121 3112 1309 3170 transgressus
1331 3119 1420 3158 sensum

316 3201 450 3259 mysticum
469 3213 579 3262 prorsus
598 3203 713 3261 respuit,
740 3203 808 3250 inter
826 3205 1006 3262 protestantes
1027 3201 1121 3248 multos
1141 3204 1289 3250 sectatores
1309 3211 1421 3248 consecu-

317 3297 369 3340 tus.
388 3293 458 3340 inter
476 3293 619 3344 eatboiicos
639 3294 732 3343 sitm.
753 3293 885 3354 Ariqisr
905 3305 1004 3344 omnem
1022 3305 1132 3340 sensum
1150 3295 1286 3351 mysticum
1299 3293 1385 3353 rejecit
1400 3291 1420 3335 11

318 3384 516 3430 ilermeneutica
533 3383 595 3431 bibi.
614 3385 728 3443 generali
752 3395 811 3444 pag.
841 3385 872 3431 iii
892 3395 949 3444 sqq.
982 3383 1047 3430 11111
1075 3384 1123 3428 isac
1141 3385 1167 3429 in
1185 3395 1215 3430 re
1234 3395 1329 3442 presse
1346 3381 1420 3440 sequi·

316 3477 360 3518 tur
378 3472 408 3519 ti.
426 3473 450 3518 J.
470 3471 633 3529 euntner,
652 3475 712 3521 dum
730 3475 756 3520 in
774 3475 859 3520 llerm.
880 3473 942 3520 bibi.
962 3485 1022 3533 pag.
1037 3474 1088 3521 sss
1109 3485 1167 3534 sqq.
1182 3475 1294 3534 loquens
1309 3475 1340 3521 dc
1357 3483 1419 3520 erro·

317 3563 373 3608 1111
393 3563 541 3622 quibusdam
559 3573 582 3610 s.
595 3561 754 3623 Scripturas
771 3563 961 3624 interpretandi
980 3563 1112 3624 principiis
1132 3565 1158 3610 et
1176 3563 1258 3610 modis
1275 3565 1356 3624 primo
1372 3564 1421 3608 ioco

314 3653 552 3710 interpretationem
572 3654 703 3711 mysticam
716 3654 796 3714 ponit.
822 3653 935 3714 Uterque
954 3655 1084 3702 notionem
1102 3665 1198 3701 aeneus
1221 3654 1324 3712 mystici
1351 3653 1420 3700 minus

321 3745 419 3788 rectam
436 3744 517 3790 tenet.

268 3825 294 3893 θ)
314 3833 368 3890 Quo
388 3833 652 3894 1111111111111,
674 3835 802 3882 iincbirid.
824 3849 850 3894 p.
863 3835 894 3882 11
908 3847 966 3897 sqq.
986 3835 1015 3884 il.
1034 3834 1220 3894 11111111,
1241 3835 1326 3884 tieem.
1340 3832 1418 3880 libii.

313 3934 339 3979 p.
360 3921 488 3981 211111.
517 3923 831 3984 (1.111111111111111,
858 3926 1026 3973 Hermeneut.
1057 3939 1083 3986 p.
1105 3925 1137 3971 12
1163 3937 1222 3984 sqq.
1254 3937 1279 3983 p.
1305 3924 1422 3980 211111.

319 4012 483 4072 Loehnis,
503 4013 685 4062 1111111111111
705 4028 730 4076 p.
750 4016 784 4061 28
804 4027 860 4075 eqq.

266 4095 292 4164 ⁸)
312 4081 344 4150 Ut
362 4103 511 4160 discrimen,
540 4117 590 4164 quo
610 4107 773 4154 recentiores
799 4106 831 4152 ab
857 4105 1047 4166 antiquioribus
1067 4107 1169 4153 ratione
1190 4106 1309 4154 notionis
1338 4110 1419 4152 sensus

268 4219 272 4225 -
311 4193 412 4252 mystici
425 4193 567 4249 discedunt,
587 4197 700 4254 exemplo
711 4197 884 4253 ostendamus,
901 4207 1098 4244 commemorare
1114 4196 1188 4256 iurat
1199 4191 1418 4256 succinctoriis

310 4283 404 4344 quibus
427 4283 453 4328 hi
475 4285 502 4330 et
518 4283 557 4330 iiii
576 4286 707 4342 mysticam
727 4285 941 4345 significationem
958 4287 1082 4332 tribuunt.
1114 4286 1161 4332 Ast
1180 4283 1371 4346 antiquioribus
1395 4289 1421 4324 ct

310 4375 369 4424 sunt
393 4373 447 4433 typi
468 4373 613 4432 prophetici
640 4377 730 4425 mortis
761 4377 918 4439 expiatorias
946 4376 1122 4424 Redemtoriea
1151 4379 1242 4422 contra
1265 4374 1416 4422 recentiores

310 4465 425 4510 nonnulli
447 4465 473 4510 in
491 4465 524 4512 111
548 4477 599 4511 non
618 4466 706 4512 vident
725 4467 774 4513 uisi
793 4467 926 4526 actiones,
947 4468 1040 4526 quibus
1056 4467 1138 4514 solum
1156 4467 1238 4526 signis
1261 4461 1417 4513 sensibiiibus

309 4555 470 4602 delineantur
487 4555 530 4614 pia
549 4569 627 4604 sensa
646 4556 828 4613 sacrificantis,
846 4559 890 4618 qui
909 4559 1037 4604 victimam
1057 4557 1082 4603 in
1102 4558 1143 4604 sui
1163 4558 1249 4604 iocum
1266 4554 1418 4602 substitutam

307 4656 389 4696 coram
416 4649 469 4694 lieo
490 4647 626 4697 destruens
647 4653 671 4696 et
691 4650 765 4709 quasi
785 4649 811 4694 iu
832 4649 934 4696 nihilum
953 4649 1075 4708 redigens
1096 4659 1126 4694 se
1143 4647 1229 4707 ipsum
1251 4647 1275 4693 in
1295 4651 1419 4702 compara·
