3092 5286
1224 466 1301 543 157

187 651 357 712 hletemorph.
378 649 452 710 llll,
479 651 539 698 tlll.
570 661 627 709 sqq.
654 650 680 696 et
702 647 775 696 sest.
797 648 827 704 V,
847 647 910 695 ibt.
940 671 974 683 —
1000 646 1226 695 dumbliohlus
1255 647 1301 707 (de

186 743 293 803 ldyster.
312 742 402 790 chald.
424 745 451 790 et
465 737 585 804 Aegypt.)
608 739 731 799 proponit
750 741 864 798 systema
880 739 1024 798 theologiae
1042 739 1172 798 magices,
1200 751 1232 785 ex
1250 749 1301 798 quo

187 848 218 883 ee
236 837 337 894 parunt,
356 833 445 894 qulhue
467 832 631 878 illustrantur
647 830 673 876 ln
691 831 807 890 eplstolis
822 829 894 878 l’eull
912 832 944 877 ed
964 830 1077 890 Ephes„
1097 829 1199 878 coloss.
1219 831 1248 877 et
1268 829 1302 878 ed

141 919 144 926 “
186 925 294 972 timoth.
313 925 344 971 de
360 923 444 982 tunglo
463 920 635 969 obvenientle.

137 1009 165 1078 ¹)
184 1017 223 1064 lle
240 1014 382 1062 itinerantis
404 1015 431 1061 et
451 1011 582 1060 hletorlris
607 1021 744 1071 eorumque
767 1013 840 1058 recto
862 1023 912 1058 usu
934 1009 991 1057 rlde
1012 1009 1036 1057 J.
1053 1009 1149 1067 Jahn,
1170 1009 1303 1058 lllbllecbe

187 1105 373 1164 Archaeologle
392 1103 459 1151 '1¹.l.
479 1103 503 1164 s.
522 1105 549 1150 3.
569 1113 593 1160 p.
612 1104 629 1149 t
648 1114 704 1162 sqq.

366 1279 395 1347 s.
411 1276 466 1336 ltt.
481 1277 577 1336 lontn
591 1276 717 1337 culturae
731 1275 878 1349 religiosae
892 1277 1061 1338 humorum

209 1425 389 1490 Sententiae
405 1430 437 1489 et
453 1424 616 1508 opiniones
631 1423 822 1488 iudaeorum
838 1424 980 1489 exhibet:

206 1538 238 1600 1.
260 1533 298 1598 8.
318 1532 497 1617 Scriptura
511 1533 552 1596 A.
564 1535 621 1612 E,
639 1533 709 1598 lons
726 1533 808 1598 omni
823 1533 1005 1618 exceptione
1022 1532 1131 1617 major.
1156 1533 1302 1599 Necnon

112 1645 153 1708 N.
169 1643 206 1706 F.
223 1644 313 1728 plura
328 1643 427 1706 refert
442 1641 490 1706 vel
506 1641 649 1727 attingit,
673 1661 752 1726 quae
774 1647 846 1704 sunt
862 1639 1005 1724 judaica,
1027 1641 1209 1706 nominatim
1224 1643 1301 1706 rab·

112 1752 217 1815 binica
234 1749 276 1839 1).

205 1866 237 1926 2.
258 1859 337 1922 Dein
352 1857 390 1920 od
406 1878 471 1921 rem
487 1864 626 1921 nostram
645 1859 763 1922 faciunt
778 1861 888 1922 versio
903 1859 1140 1924 Alexandrino
1157 1863 1189 1922 et
1204 1878 1300 1943 para-

113 1969 246 2052 phrases
275 1965 471 2044 chaldaicae,
506 1966 689 2049 Torpumin
724 1966 844 2046 diotae,
874 1987 968 2049 quae,
999 1966 1082 2030 sicut
1113 1987 1166 2032 eas
1195 1967 1302 2031 fontes

112 2073 377 2163 significationum
392 2074 608 2138 hebraicarum
629 2073 819 2138 laudavimus
842 2071 891 2161 (S.
909 2073 992 2163 36),
1015 2076 1062 2138 ita
1083 2075 1176 2140 etiam
1199 2075 1305 2140 tontes

117 2185 297 2267 opinionum
308 2182 503 2266 judaicarum
520 2183 691 2248 censendae
707 2187 797 2260 sunt,
817 2184 889 2266 quia
905 2203 1010 2247 earum
1027 2188 1173 2249 auctores
1187 2184 1220 2247 in
1234 2205 1307 2251 ver-

111 2294 208 2358 tendo
225 2293 271 2356 ita
286 2291 499 2370 versabuntur,
523 2294 559 2353 ut
583 2287 685 2355 effatis
708 2292 746 2354 Α.
762 2290 797 2353 F.
814 2310 887 2355 sues
902 2292 952 2356 vel
973 2293 1022 2356 sui
1046 2295 1113 2356 aevi
1137 2293 1303 2378 opiniones

112 2401 277 2465 inferrent.
300 2400 336 2464 ln
350 2420 410 2463 usu
424 2403 527 2462 tamen
539 2399 648 2462 harum
659 2399 847 2480 versionum,
864 2401 1050 2483 pracsertim
1063 2401 1302 2482 chaldaicarum,

112 2511 153 2575 ad
168 2507 261 2573 linem
277 2513 419 2573 nostrum
436 2507 580 2572 cautione
600 2527 679 2591 opus
696 2513 762 2588 est,
787 2530 824 2573 eo
842 2510 925 2591 quod
941 2510 1100 2574 inferioris
1115 2511 1228 2575 aetatis
1244 2512 1305 2574 ho-

115 2617 233 2682 minum
249 2615 413 2699 opiniones
428 2615 528 2679 minus
545 2620 632 2680 certe
648 2636 745 2696 aevo,
769 2615 801 2678 in
826 2638 887 2702 quo
903 2617 987 2681 sacri
1007 2617 1080 2680 libri
1098 2615 1306 2682 conficieban-

115 2732 181 2806 tur,
204 2725 419 2789 attribuuntur
432 2719 475 2812 ²).

212 2839 245 2901 3.
268 2835 363 2898 mori
378 2834 560 2918 apocryphi
579 2831 616 2896 V.
644 2831 684 2894 tt
712 2833 752 2897 oh
773 2833 914 2918 ipsorum
930 2833 1080 2920 originem
1096 2856 1132 2898 ao
1155 2834 1219 2899 iata
1237 2836 1308 2918 pari

115 2944 242 3009 ratione
257 2942 357 3006 minus
374 2947 460 3006 certe
479 2941 680 3022 adhibentur,
704 2941 779 3026 quin
795 2942 880 3006 omni
894 2961 953 3006 usu
968 2943 1182 3006 destituantur
1194 2940 1237 3030 ⁸).

208 3050 241 3114 4.
268 3049 438 3115 Graviores
461 3069 520 3131 pro
551 3067 587 3112 re
613 3053 723 3112 nostra
750 3053 824 3113 sunt
849 3047 869 3111 J
877 3051 1052 3132 osephus
1081 3051 1243 3114 Flavius
1273 3056 1305 3116 ct

115 3159 249 3239 Philo,
278 3163 425 3222 auctores
455 3155 596 3221 omnibns
623 3155 796 3236 notissimi,
831 3157 893 3221 etsi
924 3177 1032 3222 eorum
1062 3157 1226 3242 opiniones
1248 3157 1307 3222 Ju-

116 3269 207 3333 deeis
237 3268 415 3350 promiscue
443 3265 622 3330 adscribere
649 3267 736 3328 nolas
767 3269 862 3328 esset.
908 3265 1032 3329 Etenim
1057 3264 1188 3349 Josephi
1213 3263 1307 3330 iidem

116 3379 297 3460 suspectam
312 3374 344 3436 in
369 3374 551 3458 quibusdam
566 3372 643 3438 iacit
658 3371 795 3436 studium
817 3376 922 3436 sectae
937 3371 1176 3436 Pharisaeorum
1192 3377 1224 3436 et
1249 3393 1305 3437 ac·

118 3482 378 3548 commodationis
395 3483 433 3545 ad
448 3481 566 3566 placita
584 3483 778 3546 Graecorum
795 3485 827 3544 et
849 3481 1076 3560 Romanorum,
1105 3479 1193 3564 cujus
1217 3481 1308 3564 plura

116 3592 253 3678 vestigia
268 3593 301 3654 in
316 3591 444 3674 seriptis
461 3589 528 3672 ejus
545 3594 715 3654 occurrunt
725 3585 775 3679 Ἲς
789 3589 879 3654 Philo
893 3595 995 3655 autem
1007 3588 1224 3674 philosophiae
1237 3591 1307 3675 pla·

117 3701 243 3766 tonicae
265 3699 324 3764 luit
346 3699 491 3764 addictus
508 3704 540 3762 et
563 3699 732 3786 allegoriae
755 3699 847 3763 nimis
864 3699 1024 3763 studiosus
1037 3695 1080 3785 ⁵).

212 3808 245 3874 5.
274 3811 419 3874 Tclmud
440 3807 553 3873 merito
574 3808 646 3874 lons
662 3809 841 3894 opinionum
856 3809 1055 3893 judaicarum
1069 3809 1213 3889 habetur,
1235 3809 1308 3894 quia

117 3923 224 3982 hmen
240 3916 417 3981 recentiora
432 3915 568 3980 admixto
582 3915 693 3997 babet,
715 3920 806 3981 caute
822 3916 1005 3982 adhibentur
1016 3915 1060 4004 ‘).

211 4025 243 4089 o.
259 4025 308 4088 Ad
318 4024 424 4088 tontes
442 4023 645 4089 subsidiarios
663 4025 756 4088 etiam
773 4025 914 4089 referunt
930 4026 1169 4089 commentarios
1184 4025 1217 4088 in
1231 4025 1309 4089 Tal-

119 4133 242 4197 mudom
257 4137 289 4195 et
305 4152 331 4196 s.
346 4131 552 4215 scripturam,
570 4132 623 4215 qui
638 4133 676 4197 ab
687 4133 871 4214 Abcneoro,
887 4134 1307 4214 Aborbooel,·ll1atmonide

120 4240 255 4324 aliisque
267 4240 535 4304 eruditisJudaeis
550 4239 622 4304 inde
637 4261 654 4305 a
667 4241 793 4303 saeculo
803 4238 869 4304 Xll.
884 4241 1020 4305 conlecti
1036 4245 1119 4320 sunt,
1137 4240 1190 4324 qui
1204 4244 1308 4304 tomen

121 4355 234 4434 utpote
249 4348 288 4412 ab
303 4352 407 4412 aetate
422 4346 536 4411 biblica
551 4348 677 4433 longius
693 4348 823 4428 remoti,
847 4350 896 4414 vix
912 4349 1029 4432 aliquid
1050 4347 1195 4414 utilitatis
1216 4369 1309 4433 prae·

120 4460 207 4523 stant
218 4451 262 4544 7).
285 4456 375 4522 Alios
390 4457 543 4521 mittimus
552 4455 595 4541 ⁸).

147 4583 171 4645 ¹)
193 4586 269 4633 cnut.
288 4585 313 4645 s.
331 4587 375 4633 tt.
393 4589 449 4632 not.
467 4587 494 4634 8.
509 4587 537 4633 9.
559 4589 586 4634 et
601 4585 690 4634 ldatth.
707 4585 775 4641 xlx,
796 4586 820 4632 3.
835 4599 891 4648 sqq.
910 4587 988 4635 ldoro.
1002 4586 1058 4642 llll,
1078 4585 1198 4646 2.-tt.,
1218 4581 1310 4644 qulbus

194 4679 253 4726 adol
272 4681 381 4741 possunt
400 4689 472 4739 quam
493 4677 597 4739 pluriml
617 4679 659 4726 elli
677 4677 727 4725 lool
746 4677 777 4724 N.
795 4677 824 4724 r.
