3190 5290
1282 431 1349 524 2⁹,

212 601 315 670 facere,
334 603 378 652 ubi
395 615 459 652 vero
479 603 509 652 de
530 606 600 654 culta
616 605 664 654 iiel
682 619 767 656 sermo
789 612 837 672 eat,
857 609 1018 674 sacrificare
1036 615 1118 674 notat,
1140 614 1334 675 utilissimi,

215 701 241 745 6.
265 699 295 744 io
325 699 398 743 Num.
419 697 528 753 xxviii,
549 695 590 747 at.
612 698 679 744 sieut
699 703 724 745 ot
743 701 842 759 antiqui
863 698 953 748 Graeci
973 706 1041 750 teste
1060 706 1202 765 Athenaeo,
1220 707 1334 764 lieipao·

218 791 293 848 soph.
313 788 379 834 xlv.
399 801 426 846 p.
447 789 509 834 duo.
529 789 591 835 edit.
623 789 734 837 casaub.
761 786 843 858 ρέζειν
864 795 890 840 et
908 786 972 860 δρᾷν
995 806 1042 853 pro
1061 789 1157 859 θύειν,
1184 799 1211 844 et
1228 795 1336 843 Romani

218 882 269 939 ipsi
293 880 395 940 (virgil.
415 879 504 926 lincol.
524 879 624 939 ilcloga
644 881 689 928 lll.
708 895 733 929 v.
755 879 812 946 77.)
832 881 929 944 facere
948 897 994 944 pro
1015 887 1176 948 sacrificare
1194 887 1334 948 ponebant.

215 972 298 1017 Vaces
318 969 424 1033 pudicae,
445 965 544 1034 ἀγάπη,
565 966 717 1036 χιλιασμὸς,
731 965 871 1035 ὐπόςασις,
891 976 1057 1038 incarnatio,
1078 979 1235 1034 communio,
1249 979 1334 1038 justi-

214 1061 315 1122 ficatio,
330 1062 547 1122 praedestinatio
570 1063 685 1122 aliasque
703 1076 777 1124 quam
798 1065 922 1124 plurimas
941 1067 1033 1126 primis
1050 1070 1187 1118 acclesiae
1210 1071 1334 1118 christia·

217 1165 266 1199 nae
292 1152 452 1212 temporibus
480 1155 513 1200 ad
539 1155 740 1210 orthodoxorum
774 1156 893 1215 dogmata
912 1160 938 1202 et
957 1158 1122 1220 disciplinam
1149 1162 1191 1208 vel
1210 1165 1340 1208 sectarum

216 1246 314 1304 placita
333 1245 489 1304 designanda
509 1245 669 1292 introductas
688 1251 713 1294 et
729 1247 848 1295 technice
866 1252 1005 1307 usurpatas
1025 1251 1117 1312 luisse,
1136 1225 1210 1298 nemo
1229 1252 1339 1312 ignorat.

171 1332 200 1402 ΙΙ)
221 1337 285 1383 lade
304 1339 361 1410 77)),
378 1339 446 1409 qui·
467 1331 609 1400 μοιχεύειν,
627 1335 781 1399 fornicari,
810 1339 968 1388 adulterari
986 1351 1042 1388 cam
1062 1342 1184 1389 derivatis
1203 1341 1269 1400 apud
1290 1341 1339 1388 lu-

218 1429 296 1474 daeos
324 1431 448 1487 respectu
473 1427 560 1474 habito
588 1429 620 1474 ad
643 1429 829 1477 theocratieam
849 1432 985 1491 regiminis
1005 1432 1113 1479 sormam
1133 1433 1286 1492 saepissime
1308 1433 1341 1480 de

218 1517 358 1581 apostasia
377 1531 392 1564 a
411 1518 510 1564 debora
534 1518 602 1578 (lieo
621 1518 696 1582 rege)
716 1525 884 1578 usurpantur.
910 1525 1044 1597 {picenae
1054 1524 1338 1584 deometsarcgtnlne

219 1611 388 1672 patriarchali
408 1611 484 1658 etiam
503 1613 633 1673 superior
652 1617 713 1672 est,
740 1615 809 1673 apud
835 1614 964 1660 Romanos
985 1617 1118 1675 mrannus
1138 1618 1212 1662 antea
1230 1627 1276 1662 rex
1294 1627 1325 1674 ge

217 1705 336 1762 paratim,
359 1705 421 1761 post
439 1701 603 1761 Tarquinium
621 1715 667 1752 rex
687 1705 801 1752 crudelis
821 1703 965 1752 dicebatur.

173 1787 200 1856 5)
221 1793 297 1840 Tales
318 1797 395 1840 sunta
415 1769 483 1866 ³d?⁹
506 1793 579 1840 canis
599 1805 646 1852 pro
666 1791 771 1841 bomine
791 1795 904 1855 abjecta,
925 1795 956 1842 il.
973 1793 1043 1841 Sam.
1055 1795 1099 1856 lll,
1116 1795 1142 1842 8.
1163 1797 1203 1857 nb,
1218 1771 1282 1868 δὲ),
1294 1810 1340 1844 ca-

218 1885 263 1932 nis
282 1886 405 1932 mortuus
424 1896 472 1943 pro
492 1883 595 1942 abjecto
615 1883 720 1930 bomine
739 1883 890 1946 impotente,
911 1885 932 1930 l.
954 1884 1024 1931 Sam.
1044 1883 1128 1944 xxiv,
1151 1887 1194 1932 15.
1215 1887 1248 1932 il.
1268 1885 1338 1932 Sam.

220 1975 261 2034 lx,
282 1976 308 2022 8.
327 1975 389 2029 XVl,
410 1977 436 2021 9.
450 1973 552 2040 χοῖρος,
568 1987 678 2035 porcus,
699 1975 789 2022 blattis.
801 1977 856 2022 Vll.
877 1977 903 2022 d.
925 1978 950 2021 et
969 1975 1036 2034 apud
1056 1977 1198 2035 scriptores
1218 1977 1341 2035 profanos

219 2079 269 2124 pro
289 2064 394 2112 tramine
411 2064 589 2112 immunditiei
607 2079 640 2112 ac
660 2065 780 2112 desidiae
800 2065 902 2112 dedito.
924 2066 998 2111 cant.
1024 2065 1169 2125 Vocatium,
1189 2067 1221 2112 dc
1241 2067 1338 2126 adagiis

218 2158 250 2202 N.
265 2155 295 2202 T.
316 2156 379 2215 Cap.
396 2155 437 2203 lV.
457 2167 516 2214 pag.
530 2156 591 2201 779.
611 2155 673 2201 edit.
693 2155 823 2203 Fischeri.
840 2156 895 2201 Huc
910 2157 985 2201 etiam
1003 2159 1104 2214 spectat
1121 2149 1227 2215 ἐξυσία,
1247 2157 1267 2202 l.
1281 2155 1341 2203 Gor.

219 2247 263 2298 xl.
292 2249 324 2292 10
344 2247 412 2305 quod
431 2245 452 2290 l.
472 2247 503 2291 o.
524 2245 715 2293 Michaelis
746 2247 823 2306 (liinl.
843 2259 869 2305 p.
892 2245 964 2305 169.)
993 2258 1049 2292 cum
1076 2247 1134 2293 aliis
1162 2257 1210 2306 pro
1239 2247 1343 2294 nomine

220 2337 322 2395 vulgari
341 2337 408 2382 certi
426 2336 499 2398 pepli
520 2335 658 2384 muliebria
679 2337 766 2384 habet.

180 2423 209 2492 6)
230 2431 394 2488 Quantopere
414 2429 559 2486 scriptores
588 2428 664 2474 etiam
693 2427 807 2487 ejusdem
833 2427 923 2473 aetatis
948 2428 1074 2486 peculiari
1099 2428 1220 2488 loquendi
1238 2441 1286 2476 usu
1306 2429 1345 2474 di·

222 2522 401 2579 alloquantur,
430 2518 537 2577 quilibet
555 2520 593 2564 rei
613 2518 713 2577 peritus
733 2519 810 2564 facile
829 2518 994 2573 observabit,
1023 2519 1064 2577 qul
1083 2525 1203 2568 auctores
1223 2521 1343 2578 antiquos

221 2613 262 2656 vel
283 2610 358 2656 eliam
378 2611 538 2656 recentiores
559 2609 627 2655 inter
646 2623 674 2656 se
694 2611 891 2667 comparaverit.
914 2608 958 2655 Sic
975 2622 1091 2668 magnum
1111 2610 1251 2656 discrimen
1273 2611 1342 2658 inter

221 2701 341 2750 Jesaiam
360 2705 386 2748 et
404 2701 570 2760 Jeremiam,
600 2699 732 2748 »Ioannem
752 2705 779 2747 at
797 2701 926 2756 Paulum,
960 2701 1104 2748 Caesarem
1124 2705 1150 2748 et
1168 2700 1270 2748 binium
1288 2705 1341 2748 etc.

221 2793 432 2852 deprehenditur.
460 2791 498 2836 lid
520 2790 701 2852 Thucydidem
730 2795 755 2837 et
778 2791 977 2838 Tertullianum
1004 2793 1198 2852 intelligendum
1223 2793 1265 2838 vix
1292 2794 1343 2839 lin-

223 2897 288 2944 guae
307 2895 415 2943 graecae
433 2883 473 2928 vel
489 2884 583 2928 latinae
595 2881 788 2927 accuratissima
807 2885 920 2941 cognitio
931 2882 1034 2942 suflicit,
1050 2885 1114 2930 adeo
1126 2884 1222 2943 pendet
1233 2885 1344 2942 uterque

225 2975 338 3034 scriptor
357 2973 388 3020 ab
405 2973 508 3031 ingenio
528 2985 575 3018 suo
594 2977 620 3018 et
639 2973 766 3030 peculiari
785 2973 861 3032 plane
880 2985 944 3021 usus
971 2973 1103 3021 scribendi
1129 2973 1249 3028 ratione,
1278 2985 1343 3032 quae

223 3067 288 3112 nibil
309 3064 362 3128 sibi
380 3063 481 3122 uspiam
508 3063 590 3109 simile
614 3063 701 3110 babet·
723 3063 798 3126 Geni,
824 3077 889 3122 quae
911 3066 958 3109 hac
987 3065 1019 3111 de
1038 3078 1068 3112 re
1094 3065 1218 3125 prolixius
1239 3065 1345 3124 scripsit

224 3158 248 3206 J.
267 3157 351 3203 tabu
375 3157 401 3202 in
419 3154 569 3202 linchiridio
589 3168 614 3213 p.
634 3154 751 3201 23-32.
768 3159 873 3201 secutus
890 3155 1056 3204 Ernestium.

548 3316 574 3384 §·
588 3314 627 3374 lt.
640 3315 802 3388 magunum
815 3317 949 3388 comato.

241 3447 360 3528 Quodsi
379 3445 443 3530 jam
466 3445 547 3510 ratio
571 3449 748 3529 spectatur,
773 3465 851 3527 quae
875 3446 957 3508 inter
971 3444 1092 3530 linguas
1116 3445 1272 3507 caeterum
1295 3442 1344 3507 di·

148 3581 257 3624 versas
281 3558 465 3640 intercedit,
490 3556 522 3618 in
546 3556 615 3617 aliis
641 3557 828 3635 concordes,
853 3555 1014 3618 discordes
1030 3554 1062 3616 in
1078 3553 1148 3616 aliis
1171 3553 1344 3638 deprehen·

150 3671 276 3736 duntur.
308 3667 458 3752 Equidem
482 3665 691 3729 similitudinis
715 3665 836 3728 ratione
859 3665 963 3728 habita
982 3664 1233 3749 frequentissime
1249 3685 1344 3750 quae·

151 3781 222 3846 dam
239 3799 343 3864 uoces,
359 3775 522 3862 dictiones,
539 3776 640 3862 iisque
657 3777 832 3842 substratae
848 3777 1004 3856 notiones,
1026 3775 1264 3858 earumdemque
1279 3775 1344 3838 dis-

152 3891 282 3954 crimina
296 3889 385 3954 unius
400 3890 522 3975 linguae
536 3888 646 3952 mirum
658 3887 690 3950 iu
700 3887 824 3951 modum
837 3887 1019 3972 conspirant
1031 3907 1100 3950 oum
1113 3886 1193 3950 alius
1205 3884 1345 3965 vocibus,

153 4001 344 4064 dictionibus
361 4021 397 4063 ac
414 3999 609 4080 notionibus3
633 3997 731 4081 quid?
755 3999 839 4080 quod
855 4015 1083 4078 nonnumquam
1103 3995 1148 4059 ita
1164 3999 1345 4076 aequantur,

154 4117 192 4174 ut
209 4111 268 4173 sibi
285 4111 434 4172 substitui
449 4110 581 4194 possint.
617 4111 704 4188 Quae
728 4130 779 4171 res
796 4108 908 4170 nemini
926 4125 1029 4170 rerum
1046 4105 1149 4190 perito
1166 4103 1245 4166 mira
1260 4102 1347 4166 vide·

153 4220 250 4300 bitur,
268 4219 321 4302 qui
337 4218 535 4298 intellexerit,
551 4219 583 4280 in
603 4217 728 4304 linguis,
754 4238 832 4300 quae
848 4216 898 4280 vel
920 4237 938 4279 a
961 4215 1114 4279 communi
1129 4215 1228 4298 stirpe
1245 4216 1346 4294 natae,

154 4331 259 4394 veleb
282 4330 412 4393 invicem
435 4335 618 4413 procreatae
639 4329 702 4392 sint
713 4324 761 4413 1),
781 4327 857 4390 licet
873 4345 1022 4390 successu
1044 4324 1193 4407 temporis
1216 4321 1347 4384 multum

155 4443 195 4504 ab
212 4441 342 4503 invicem
358 4439 570 4522 discesserint,
581 4438 713 4522 plurima
731 4442 832 4500 tamen
848 4443 914 4499 tum
929 4437 1089 4500 teaeicalia
1100 4439 1165 4496 tum
1178 4452 1360 4516 prnsurust·⁴

155 4553 288 4632 ticaiia,
305 4570 384 4631 quae
400 4552 448 4614 vel
466 4570 655 4612 communem
672 4547 833 4631 originem,
858 4547 907 4610 vel
923 4551 1061 4608 mutuum
1077 4543 1278 4627 populorum,
1295 4540 1349 4620 qui

157 4661 207 4742 iis⁴
223 4661 399 4750 utebantur,
424 4660 642 4731 commercium
659 4679 695 4724 ac
713 4677 820 4724 nexum
836 4655 980 4750 prodant,
997 4653 1106 4734 abesse
1124 4673 1183 4716 aon
1200 4640 1367 4750 imin-'dn
