3092 5286
261 388 335 462 tot

254 571 422 630 nationem
436 566 660 648 praeseferant.
683 565 763 632 ilino
779 589 840 632 noo
863 567 1054 648 mirabimur,
1078 569 1106 632 si
1128 570 1231 654 tropis
1256 575 1288 634 et
1313 591 1431 654 eompa-

254 676 427 740 rutionibns
457 676 723 758 frequentioribus
750 683 783 742 et
807 677 1065 742 insolentioribos
1083 674 1132 766 ⁸),
1156 683 1251 762 atque
1280 679 1363 744 fusis
1385 702 1432 763 per

253 783 414 866 adjuncta,
438 804 517 868 quae
532 787 633 848 minus
657 787 834 850 necessaria
848 792 938 867 sunt,
962 787 1226 871 descriptionibus
1250 793 1385 852 utuntur
1395 786 1433 876 ’),

253 895 280 958 si
303 894 530 976 paronomasiis
549 891 593 979 ω)
624 901 656 958 et
684 895 892 960 antithesibus
914 892 958 984 ¹¹)
995 896 1206 980 delectantur,
1241 897 1270 958 si
1295 897 1433 961 notiones

251 1003 426 1066 abstractas
443 1023 503 1086 qua
527 1021 677 1084 perennes
698 1010 935 1087 repraesentant
945 1001 1002 1091 ¹⁸).
1036 1005 1204 1068 Praeterea
1226 1025 1319 1069 nemo
1350 1007 1433 1092 iguo-

249 1117 316 1190 ιιι,
350 1111 382 1173 in
406 1112 647 1176 demonstrando
675 1111 826 1176 formulas
852 1112 1035 1195 disciplinae
1064 1113 1187 1198 logicae
1213 1119 1433 1196 attemperataa

250 1221 442 1300 quaerendas
465 1241 526 1283 oon
542 1240 612 1286 essa
623 1217 686 1309 ¹⁸),
710 1240 875 1304 personam
891 1221 1069 1306 loquentem
1085 1221 1202 1304 passim
1220 1224 1348 1302 mutari,
1366 1226 1432 1308 quin

249 1325 352 1391 lector
366 1327 490 1411 praevie
505 1334 669 1392 moneatur
693 1325 742 1416 (S.
759 1328 843 1416 89),
868 1331 1040 1394 orationem
1057 1330 1208 1394 directam
1230 1329 1433 1416 frequentari,

252 1441 283 1498 et
300 1455 379 1519 quae
394 1441 467 1500 sunt
489 1437 549 1500 alia
569 1437 661 1519 hujus
683 1437 819 1522 generis.

337 1543 442 1628 Magni
465 1564 561 1626 porro
585 1546 732 1609 momenti
755 1567 813 1630 pro
837 1545 1100 1628 interpretatione
1124 1551 1192 1629 est,
1215 1553 1373 1629 utraque,
1396 1550 1431 1612 ιΙι
1520 1611 1521 1630 p

251 1672 312 1736 qua
335 1651 486 1734 dirimas,
512 1655 707 1736 proprietate
730 1654 877 1717 dictionis
900 1653 1035 1718 biblicae
1065 1655 1097 1718 id
1128 1676 1252 1739 qnoque
1276 1654 1380 1737 etlioi,
1402 1665 1433 1721 nt
1520 1635 1521 1690 l

250 1781 343 1845 saepe
366 1763 537 1849 singularia
559 1786 618 1849 pro
642 1763 869 1828 uniuersalibus
892 1769 1062 1848 ponantur,
1095 1770 1206 1828 eontra
1236 1767 1312 1830 alibi
1340 1787 1433 1852 gene-

249 1871 360 1934 naliter
376 1873 525 1955 quaedam
543 1873 708 1952 dieantur,
722 1893 815 1955 quae
848 1872 997 1958 restringi
1026 1873 1158 1937 debeant
1174 1869 1229 1961 ¹²).
1270 1873 1433 1938 Caeterum

248 1981 325 2043 liaeo
347 1981 448 2044 omnia
470 2002 528 2064 pro
555 1987 717 2046 auctorum
739 1981 880 2066 iugenio,
904 1987 1023 2065 aetate,
1057 1983 1254 2068 eaeterisque
1277 1983 1432 2066 adjunctis

248 2086 317 2166 plus
340 2087 479 2152 minusve
503 2109 572 2152 esse
596 2089 740 2169 diversa,
763 2088 856 2152 feeile
872 2089 1069 2174 intelligitur.

278 2263 302 2329 ¹)
321 2269 401 2316 Neruo
420 2281 507 2317 rerum
525 2271 627 2330 peritas
647 2273 766 2332 ignorat,
786 2277 948 2333 quantopere
967 2276 1089 2321 auctores
1109 2273 1197 2320 biblici
1216 2274 1264 2319 hao
1284 2273 1312 2318 in
1330 2285 1363 2319 re
1381 2273 1431 2319 dia·

320 2357 413 2404 radant
431 2371 447 2404 a
465 2358 573 2406 Graecis
593 2360 720 2418 classicis,
733 2363 776 2421 qui
792 2361 932 2424 periodios
949 2363 1105 2421 loquuntur,
1127 2363 1270 2408 orationem
1289 2362 1432 2410 arctissime
1520 2383 1521 2388 =

322 2460 371 2506 per
384 2451 568 2497 convenientes
589 2451 730 2510 particulas
748 2457 868 2512 nectunt,
888 2455 914 2500 et
928 2463 1020 2512 magna
1034 2453 1159 2499 orationis
1179 2452 1306 2499 varietate
1318 2453 1432 2511 insignes

323 2542 400 2597 sunt,
421 2551 478 2585 eum
500 2545 592 2588 eontra
609 2541 712 2588 illorum
731 2544 817 2588 oratio
836 2541 1005 2590 membratim
1029 2541 1148 2598 incedat,
1175 2545 1202 2588 et
1220 2542 1292 2586 ιιιιΙΙιι
1314 2542 1358 2587 vei
1381 2542 1432 2588 exi·
1520 2595 1521 2608 .

323 2642 374 2688 gua
390 2630 516 2678 varietate
535 2633 717 2692 distinguetur.
738 2633 790 2690 Sta,
806 2637 834 2680 at
851 2634 901 2680 siis
917 2634 1055 2688 mittamus,
1075 2637 1195 2680 auctores
1210 2633 1332 2678 historici
1346 2637 1399 2678 tum
1408 2634 1435 2676 Α.

322 2725 375 2767 tom
393 2722 424 2768 ΙΙ.
443 2722 471 2768 'l'.
490 2724 517 2768 iu
539 2724 690 2781 narrando,
718 2727 872 2783 praesertim
889 2725 915 2770 in
939 2725 1098 2771 transeundo
1122 2723 1154 2770 ab
1173 2734 1224 2770 una
1245 2735 1275 2768 re
1304 2724 1338 2770 ad
1363 2724 1435 2769 siism

322 2812 378 2858 fere
398 2814 519 2860 continua
542 2815 648 2860 easdam
668 2815 790 2861 formulas
817 2815 932 2861 retinere
957 2815 1053 2861 solent.
1082 2814 1119 2860 lta
1150 2825 1228 2860 voees
1257 2817 1283 2859 et
1309 2813 1433 2872 phraseos

322 2897 401 2975 79th
415 2905 478 2970 [ms
494 2907 572 2978 figitis
587 2908 653 2975 'llll’
669 2908 724 2979 Εζιῃ
740 2907 829 2978 Ε’ῷζξι
845 2907 888 2978 'l'
904 2909 930 2978 pr
949 2900 1011 2961 ati,
1031 2899 1106 2961 τότε,
1130 2897 1156 2951 ἐν
1176 2897 1266 2967 ἐκείνῳ
1282 2901 1385 2970 καιρῷ,
1409 2896 1433 2949 r'a

321 2986 429 3048 ἰκέιναις
448 2996 503 3041 aive
521 2989 629 3050 ταύταις
650 2990 775 3062 ἡμέραις,
797 2991 841 3042 aas
857 2989 970 3058 ἐγένετο,
989 2991 1032 3042 κὰι
1046 2986 1108 3050 iulis,
1123 2987 1277 3060 ἀποκριᾶιις
1295 2986 1324 3041 δι’
1340 2987 1396 3041 iisse
1410 2995 1434 3039 et

322 3085 390 3130 aliae
409 3084 615 3144 frequentissime
634 3086 752 3132 redeunt.

277 3168 302 3233 2)
322 3175 380 3222 'l'sii
407 3176 482 3222 modo
501 3173 659 3222 definiuntur
684 3175 725 3222 vel
755 3176 841 3234 potina
865 3173 1047 3220 deseribuntur
1069 3183 1100 3219 ae
1135 3173 1317 3219 declarantur:
1350 3169 1434 3226 πίστις

322 3263 403 3310 liebr.
422 3265 470 3324 ΙΙΙ,
493 3267 518 3312 i.
536 3267 676 3328 perentam
694 3267 714 3311 Ι.
732 3265 806 3311 ioan.
826 3264 874 3324 ΙΙΙ,
897 3264 923 3310 Ι.
945 3264 1014 3312 Deus
1033 3275 1115 3310 aeras
1132 3263 1188 3310 aet.
1206 3262 1291 3318 XVil,
1313 3263 1359 3308 2t.
1379 3276 1432 3322 sqq.

321 3355 366 3400 tex
386 3357 412 3400 et
431 3354 598 3402 conscientia
616 3354 750 3414 moralis,
773 3359 800 3401 et
819 3367 885 3414 quas
900 3355 959 3400 huie
980 3353 1033 3412 legi
1051 3365 1200 3412 repugnare
1220 3354 1290 3399 solet
1307 3353 1433 3400 sententi-
1520 3407 1521 3420 ἶ

322 3447 364 3490 tus
383 3445 456 3490 Rom.
478 3445 516 3505 ΙΙ,
538 3446 580 3491 ΙΙ.
605 3446 644 3491 15.
664 3445 724 3506 Vll,
744 3445 788 3490 22.
807 3457 881 3506 sqq,
911 3443 1031 3492 ebaritas
1057 3443 1204 3490 carissimo
1231 3443 1252 3489 Ι.
1281 3444 1346 3490 Cor.
1366 3445 1432 3504 ΧΙΙΙ,

322 3535 401 3580 Ι-8.
419 3539 448 3580 ιιι
467 3537 520 3581 alia
538 3539 677 3582 taceamus.

270 3617 298 3684 ⁸)
318 3623 437 3682 Exemplo
457 3626 511 3670 aiot
536 3625 608 3672 Rom.
627 3625 653 3685 Ι,
673 3625 717 3670 29.
737 3637 792 3684 sqq.
812 3623 872 3671 (ΙιιΙ.
890 3624 920 3686 V,
943 3625 982 3672 ta.
1003 3637 1080 3684 sqq,
1109 3623 1152 3670 nbi
1169 3624 1312 3682 Apostolus
1332 3627 1434 3683 profert

319 3714 433 3772 singutas
452 3716 603 3762 vitiositatis
629 3716 745 3774 speeies,
773 3717 800 3760 iu
820 3715 912 3774 qulbus
932 3715 1113 3761 enumerandis
1133 3726 1179 3760 nee
1196 3719 1320 3762 accurate
1338 3727 1432 3762 sernu-

256 3855 259 3860 ,
318 3805 377 3848 dam
398 3807 547 3863 systematis
565 3805 856 3864 formamsiugulsvitis
871 3805 1050 3864 (imposuisse,
1070 3817 1117 3851 nee
1136 3806 1167 3851 ue
1178 3805 1328 3851 discrimine
1345 3817 1432 3851 rorum

318 3896 428 3940 omnium
443 3908 640 3953 synonymarum
660 3896 787 3942 subtiliori
804 3898 934 3955 cogitasse
952 3896 1098 3941 censendos
1115 3899 1170 3954 eat3
1191 3895 1240 3940 imo
1258 3895 1290 3940 ao
1306 3895 1380 3954 ipsas
1396 3894 1432 3940 rei

318 3985 420 4042 speeies
440 3985 610 4044 designandas
628 3985 755 4031 voeabula
773 3987 931 4040 occurrunt,
953 3997 1017 4043 quae
1032 3985 1161 4030 notionem
1177 3984 1256 4028 totius
1278 3985 1432 4043 exprimunt.

315 4074 378 4119 item
397 4085 447 4118 noo
467 4078 507 4120 sat
526 4079 647 4122 accurata
670 4077 784 4134 loquitur
801 4076 868 4122 idem
887 4075 1028 4135 Apostolus
1044 4076 1066 4120 Ι.
1085 4074 1147 4121 Gor.
1166 4075 1211 4128 ΙΙΙ,
1234 4074 1277 4119 ΙΒ.
1298 4085 1432 4130 asserens,

314 4176 386 4210 omne
410 4167 544 4222 peceatum
560 4172 667 4224 arrepta
684 4166 859 4213 fornicatione
878 4169 951 4212 extra
973 4178 1069 4224 eorpus
1085 4178 1160 4224 ease,
1180 4177 1235 4210 eum
1254 4176 1329 4211 nemo
1353 4176 1432 4222 megs·

312 4257 395 4316 verit,
416 4255 518 4314 qulam,
548 4258 588 4302 sui
613 4257 695 4315 ipsius
722 4257 919 4312 mutilationem,
949 4257 1084 4303 suioidium
1104 4257 1204 4315 alioque
1230 4266 1290 4301 esse
1316 4257 1432 4314 peecata,

315 4357 381 4404 qaas
405 4347 430 4390 Ιιι
458 4346 591 4405 proprium
618 4360 714 4406 eorpus
744 4349 945 4394 committuntur.
982 4349 1035 4393 Nee
1058 4346 1171 4392 Joannea
1194 4346 1214 4391 Ι.
1239 4346 1319 4405 epist.
1345 4346 1388 4405 ΙΙΙ,
1407 4346 1430 4390 2.

313 4449 367 4483 rem
396 4437 506 4482 absolvit
530 4440 660 4494 statuens,
689 4452 787 4486 omnem
818 4439 950 4499 spiritum,
979 4438 1021 4497 qni
1047 4437 1134 4483 Jesum
1155 4436 1286 4482 Christum
1307 4438 1334 4483 in
1355 4449 1431 4488 carue
1520 4467 1521 4490 ,

313 4531 418 4576 venisse
441 4526 609 4583 confiteatur,
636 4542 667 4575 ex
696 4531 751 4576 lieo
781 4541 856 4589 asso,
887 4540 942 4574 eom
969 4540 1020 4573 noo
1049 4527 1171 4573 obstante
1194 4525 1271 4584 bajus
1297 4527 1431 4572 doetrinae

313 4618 510 4667 fundamentalia
533 4619 732 4678 professiones
751 4619 900 4666 (foetoribus
921 4629 1027 4666 errores
1050 4620 1158 4677 possent
1173 4615 1299 4676 proponi,
1322 4616 1355 4664 ob
1371 4627 1432 4675 quoa
