3120 5294
1277 495 1327 570 53

126 676 285 763 praesidis
301 675 360 740 sibi
374 675 547 760 petierent,
563 677 630 737 tres
647 691 733 754 ese,
751 689 860 755 nempe
874 671 1085 735 traditionem
1100 671 1325 762 dedecorum,

126 787 408 869 comparationem
422 761 555 866 linquae
571 803 645 846 cum
655 785 837 862 senectipsa
854 785 886 844 et
903 803 977 846 cnm
988 783 1067 844 aliis
1078 783 1212 866 linquis,
1230 787 1323 866 etque

127 896 381 979 philosophiam.

220 1004 261 1068 ut
289 1023 379 1086 sene,
402 1001 475 1084 quin
494 1001 600 1086 lingue
623 1000 786 1078 hebreice,
810 998 886 1062 licet
909 998 1012 1062 tribus
1038 998 1166 1062 circiter
1189 999 1324 1064 saeculis

9 1123 11 1152 ²
127 1117 201 1177 ente
218 1112 379 1176 Christum
396 1115 537 1175 emortua
552 1115 584 1173 et
599 1108 787 1173 testimoniis
802 1107 880 1190 ipsis
906 1126 924 1170 e
947 1112 1107 1190 tempore,
1136 1129 1198 1190 quo
1223 1108 1324 1172 adbuc

9 1213 11 1240 ³
125 1219 263 1306 vigebat,
279 1219 388 1304 petitis
403 1217 451 1306 (si
467 1218 640 1301 scriptores
656 1236 765 1280 sacros
782 1212 937 1300 excipies)
954 1214 1104 1278 destitute
1120 1214 1177 1297 sit,
1206 1235 1322 1299 nequa-

9 1301 11 1424 ἰ
126 1348 219 1412 quum
243 1327 288 1390 ite
311 1326 423 1411 periit,
447 1327 482 1388 ut
506 1324 593 1388 docti
618 1323 808 1387 Judeeorum
832 1323 974 1408 magistri
998 1343 1064 1385 enm
1088 1323 1120 1385 iu
1142 1323 1259 1386 scholis
1285 1343 1322 1386 ec

9 1472 11 1512 :
127 1433 259 1519 scriptis
275 1435 341 1498 suis
356 1438 504 1518 posteros
527 1453 588 1496 nou
612 1432 794 1511 docuerint3
819 1451 876 1494 nec
897 1431 998 1494 minus
1021 1431 1052 1493 in
1075 1431 1175 1514 ipsius
1197 1431 1322 1515 linguae

9 1577 11 1606 ÷
126 1543 271 1628 reliquiis
281 1593 290 1626 ,
308 1563 385 1628 ques
401 1562 491 1606 secer
507 1541 605 1605 codex
622 1541 797 1622 concludit,
815 1561 868 1621 ee,
886 1561 965 1624 quse
981 1541 1110 1603 traditio
1127 1540 1247 1604 incerte
1268 1545 1323 1604 sut

10 1655 11 1658 ’
127 1653 266 1720 obscure
280 1651 419 1734 reliquit,
441 1671 510 1714 cum
526 1649 714 1714 certioribus
732 1653 763 1712 et
780 1648 967 1712 clarioribus
984 1648 1100 1712 collets
1115 1649 1323 1712 determinen-

9 1747 11 1790 ἰ
125 1766 200 1843 tur,
224 1756 450 1823 confirmentur
471 1764 503 1822 et
526 1759 745 1837 illustrentur-3
768 1757 896 1840 iusuper
917 1756 1070 1820 disiectus
1094 1758 1241 1820 hebreice
1261 1777 1323 1819 non

9 1943 11 1960 ἱ
127 1867 273 1932 solitarie
296 1868 352 1931 sed
376 1887 445 1930 cum
465 1871 535 1931 tote
551 1866 722 1930 Semitismi
742 1865 860 1927 semilis
885 1865 918 1926 in
941 1865 1101 1948 proximae
1124 1865 1321 1949 cognationis

9 2037 11 2048 ,
128 1977 320 2041 connexione
336 1975 453 2058 existit,
469 1977 532 2039 imo
549 1997 620 2039 cum
636 1975 706 2038 eliis
724 1993 847 2058 quoque
862 1977 1002 2036 veterum
1018 1973 1194 2058 linguarum
1210 1973 1320 2056 stirpi-

9 2119 11 2150 ι
124 2089 183 2152 bus
199 2087 308 2169 aliquo
324 2085 564 2150 necessitudinis
579 2083 703 2148 viuculo
721 2083 921 2170 conjungitur
935 2083 996 2164 ita,
1020 2087 1055 2145 ut
1078 2083 1106 2146 ei
1131 2083 1222 2146 etiem
1249 2083 1321 2147 inde

9 2209 11 2240 ³
124 2196 227 2260 lumen
245 2196 451 2275 accendetur,
468 2195 599 2276 denique
614 2199 792 2278 propterea,
806 2193 889 2276 quod
905 2192 991 2256 nulle
1001 2192 1165 2274 discipline
1176 2191 1319 2276 philoso·
1372 2232 1374 2241 ι

9 2311 11 2322 ’
125 2305 215 2387 pbise
231 2300 411 2384 adjumento
429 2323 536 2366 curere
552 2307 677 2386 potest:
702 2321 739 2366 ex
762 2303 810 2366 rei
830 2306 942 2364 nature
965 2302 1172 2384 perspicitur,
1196 2301 1320 2386 linguae

8 2493 10 2504 Ι
126 2413 294 2476 hebreicae
315 2410 556 2495 investigatores
576 2430 638 2472 non
659 2389 813 2474 immerito
842 2429 859 2472 e
880 2409 1042 2492 principiis
1071 2408 1321 2474 commemoratis

128 2521 306 2584 studiorum
323 2539 450 2583 suorum
465 2519 622 2602 praesidis
637 2519 850 2603 requisivisse.
867 2517 901 2580 ld
917 2538 992 2580 vero
1005 2517 1077 2600 jure
1094 2517 1139 2580 eis
1155 2518 1231 2580 vitio
1247 2538 1319 2579 ver-

8 2677 9 2686 ,
126 2629 220 2712 titur,
240 2627 326 2714 quod
346 2627 378 2690 in
401 2649 460 2691 usu
485 2628 611 2692 illorum
630 2625 751 2710 justum
773 2649 835 2689 non
856 2626 1040 2689 retinuerint
1062 2627 1196 2689 modum.
1218 2625 1318 2688 Unum

127 2757 251 2821 temper
266 2736 419 2821 neglectis
435 2737 565 2820 reliquis
580 2736 764 2820 praevaluit,
781 2736 866 2798 velut
881 2735 1010 2800 traditio
1022 2736 1054 2798 in
1067 2756 1226 2820 synagoge
1236 2740 1317 2798 tem·

126 2864 203 2927 pore
217 2843 401 2928 talmudioo,
418 2850 450 2909 et
464 2846 498 2908 in
513 2845 657 2910 Ecclesia
673 2846 796 2909 omnino
813 2864 912 2926 usque
928 2845 968 2908 ed
983 2846 1140 2910 saeculum
1153 2836 1316 2929 xv11.'¹);

126 2957 199 3033 post
215 2973 284 3016 enm
301 2955 493 3037 comperstio
509 2954 633 3039 linguae
649 2953 813 3016 bebrnicse
828 2953 920 3016 modo
943 2973 1013 3014 cum
1035 2955 1202 3037 semetipse
1225 2954 1316 3016 modo

127 3083 194 3123 cnm
210 3061 284 3125 eliis
299 3060 435 3147 linguis3
452 3062 584 3146 deniqne
598 3061 815 3146 philosophie,
834 3081 912 3144 quae
928 3066 1034 3143 spreto
1045 3060 1232 3125 iudaeorum
1249 3067 1317 3124 tru-

127 3170 256 3252 ditione,
288 3170 418 3234 minoris
435 3171 527 3233 etiem
543 3169 627 3233 fecto
645 3169 744 3233 altero
762 3169 971 3254 cognoscendi
986 3169 1155 3253 principio,
1178 3171 1317 3234 adhibito

126 3259 259 3342 rsiionis
275 3278 390 3342 lumine
406 3279 438 3342 in
453 3299 596 3342 moenem
612 3277 894 3363 linguaeinbricum
906 3282 1070 3360 penetrare
1082 3279 1212 3361 studuit,
1226 3300 1316 3362 quem

125 3360 343 3470 philosophiis
358 3407 449 3450 usum
464 3409 525 3450 non
540 3387 716 3471 improbare
732 3407 793 3448 uon
815 3405 991 3468 possumus.
1015 3389 1100 3464 Ques
1116 3386 1195 3449 enim
1212 3386 1317 3450 notio·

126 3513 179 3556 nes
191 3495 324 3558 vocibus
340 3500 372 3558 et
387 3496 575 3559 dictionibus
592 3496 720 3558 subesse
735 3494 859 3578 linguae
874 3495 1037 3557 hebreicae
1049 3499 1194 3558 auctores
1206 3496 1316 3559 volue-

125 3599 206 3685 riut,
223 3623 287 3665 non
309 3623 328 3666 e
347 3604 465 3686 priori,
497 3609 532 3667 ut
557 3605 682 3686 dicunt,
706 3605 762 3666 sed
784 3625 802 3666 a
822 3603 992 3688 posteriori
1016 3603 1091 3666 licet
1115 3623 1316 3688 cognoscere,

127 3729 222 3792 quere
238 3710 440 3796 philosophie
454 3733 633 3799 germanum
650 3733 724 3775 usus
740 3711 888 3796 loquendi
903 3713 1042 3776 hebraici
1058 3713 1173 3775 iontem
1198 3733 1316 3796 neque·

126 3838 215 3899 quem
227 3820 377 3904 resignet,
393 3842 500 3885 uerum
516 3821 548 3884 in
564 3842 601 3885 eo
617 3821 832 3906 investigando
848 3843 907 3905 pro
924 3822 1101 3884 necessario
1115 3821 1254 3884 subsidio
1266 3826 1316 3884 est

125 3924 275 4009 babendo,
292 3948 354 4011 quo
368 3934 564 3992 coeterorum
576 3930 799 4012 principiorum
811 3950 887 3994 usus
898 3934 1027 4015 regetur
1038 3933 1070 3992 et
1081 3930 1260 3996 illustretur
1270 3930 1313 4015 ²).

214 4036 302 4112 Quae
318 4057 387 4098 cnm
403 4037 448 4099 itu
464 4038 546 4120 sint,
571 4039 632 4102 boc
648 4039 720 4101 loco
735 4041 779 4101 de
793 4040 970 4103 auditione
985 4039 1194 4102 Judaeorum
1219 4043 1314 4122 etque

123 4139 165 4201 de
181 4142 315 4225 linquae
330 4146 505 4210 hebraicae
521 4148 629 4229 ipsias
645 4149 891 4230 comparatione
907 4168 980 4212 cam
994 4150 1176 4229 semetipsa
1192 4152 1223 4209 et
1240 4169 1314 4210 cam

125 4246 249 4329 ttapoie
285 4257 434 4336 copnatis
473 4255 653 4340 singillatim
684 4255 835 4340 egendum
866 4259 959 4337 etque
992 4255 1213 4318 ostendendum
1242 4255 1312 4337 erit,

126 4357 281 4435 quomodo
297 4360 347 4424 bis
362 4363 501 4426 fontibus
523 4365 775 4428 traditionalibus
801 4367 833 4426 et
852 4362 1053 4447 philologieis
1069 4363 1227 4448 legitime,
1251 4365 1312 4426 hoc

127 4466 184 4543 est,
201 4469 330 4530 naturae
345 4470 392 4532 rei
408 4475 439 4534 et
456 4492 548 4534 sense
563 4473 678 4537 reticui
694 4471 913 4534 convenienter
929 4471 1075 4532 utendum
1090 4471 1143 4533 sit.

152 4599 178 4671 ²)
198 4611 323 4661 Doctores
342 4617 474 4665 scelestae
493 4619 580 4679 primis
600 4626 659 4679 post
679 4605 850 4678 apostolieum
869 4621 968 4674 tempus
994 4619 1106 4664 saeculis
1132 4615 1313 4674 cognitionem,

198 4714 273 4759 quem
290 4703 418 4757 bsbebent
435 4711 536 4772 linguae
555 4711 691 4760 hebreicae
710 4721 761 4758 non
780 4709 877 4769 absque
895 4709 966 4769 gravi
983 4708 1130 4758 dilicultste
1145 4703 1312 4764 plurimisque
