3092 5286
235 428 332 508 rut

321 621 387 672 para
405 611 585 662 transmissis
599 611 676 668 ΠΧ,
695 615 949 666 monumemtum
968 609 996 678 s.
1016 614 1060 662 to.
1079 617 1134 662 uot.
1155 614 1181 662 t.
1205 637 1238 650 -
1258 614 1360 664 cnr-tuti
1379 619 1440 663 ten-

319 715 383 762 pore
401 702 494 750 Judael
509 702 586 751 dimi
605 705 682 750 erant
700 703 727 750 lu
743 705 830 762 sturm
848 708 936 752 stetu
954 706 983 750 at
997 703 1119 760 emotas,
1139 705 1179 752 utl
1196 703 1396 754 Pharisaeorum
1417 710 1442 754 at

322 791 539 854 Sadducaeorum,
560 791 669 840 atllllin
688 794 805 842 usaelu
825 794 1010 842 Schammal
1029 798 1055 841 at
1074 795 1234 855 litllalis,
1255 809 1368 854 qnorum
1384 798 1436 857 opt-

322 883 415 930 ulunas
434 883 554 931 diversae
573 883 677 942 saepius
697 885 845 932 referuntur
862 884 905 932 vel
928 885 1105 943 reseruntur,
1133 897 1158 932 s.
1179 897 1204 944 ς.
1217 885 1309 932 letth-
1327 887 1399 946 xlx,
1416 889 1439 934 t.

321 972 404 1032 xm,
433 972 478 1020 2³.
509 974 552 1020 td.
583 975 637 1020 Aet.
668 974 709 1030 lv,
741 975 786 1020 1³.
813 975 908 1030 mli,
938 975 963 1020 8.
1015 975 1071 1032 Quo
1097 973 1173 1022 etlam
1206 979 1327 1032 eperunt
1362 975 1440 1024 aetio·

324 1075 373 1112 nea
393 1063 526 1122 tantumn
543 1063 601 1110 Aet.
624 1063 687 1120 xlv,
718 1065 758 1112 10.
778 1076 850 1124 sqq„
873 1077 938 1124 quaa
959 1062 1086 1112 donentur
1109 1063 1291 1123 opinionibus.
1321 1079 1387 1125 quau
1414 1067 1441 1113 ts

321 1151 377 1202 Diis
406 1153 462 1200 suls
489 1151 639 1202 habueruut.
664 1154 783 1214 Denique
811 1156 869 1202 aute
892 1157 1003 1214 systema
1024 1155 1112 1202 solare
1132 1153 1276 1218 vapuletur·
1298 1157 1440 1214 opinione·

321 1241 354 1290 ds
372 1244 442 1288 motu
455 1242 614 1300 planetu-uu
635 1242 712 1292 allam
728 1244 812 1292 tuisse
827 1255 901 1292 neno
919 1246 1033 1304 ignorat.
1052 1244 1125 1294 caat.
1141 1244 1198 1292 dos.
1218 1245 1257 1305 Χ,
1279 1246 1322 1292 12.
1346 1247 1390 1294 rt.

730 1404 754 1466 s.
772 1395 814 1456 tt.
831 1395 977 1458 tumturn.

340 1527 387 1590 Ex
409 1527 517 1610 paneis
539 1525 643 1606 hisee,
677 1545 756 1611 quae
785 1527 970 1612 indigitasse
1005 1525 1163 1608 sufficiat,
1199 1530 1321 1592 abunde
1344 1533 1439 1613 patet,

253 1634 353 1719 quod,
375 1635 448 1717 quia
470 1634 502 1697 in
525 1656 550 1698 s.
575 1635 744 1718 Scriptura
763 1639 813 1697 tot
837 1635 1034 1698 saeculorum
1050 1636 1211 1714 notiones,
1236 1656 1316 1720 quae
1342 1637 1443 1699 direr-

256 1741 450 1806 sissimarum
472 1745 651 1830 regionum,
676 1748 832 1807 sectarum
858 1749 889 1806 et
924 1743 1149 1808 sententiarum
1172 1745 1350 1810 hominibus
1381 1745 1445 1807 iue-

253 1856 336 1931 rant,
360 1852 574 1936 proferuntur,
604 1853 632 1916 si
654 1853 812 1936 interpres
835 1852 875 1914 ad
897 1851 1091 1936 loquentium
1114 1853 1269 1916 culturam
1293 1875 1377 1932 non,
1411 1860 1443 1917 ut

253 1979 313 2044 par
336 1963 403 2040 ost,
427 1961 611 2043 respexerit,
635 1960 769 2042 indeque
791 1979 896 2022 veram
920 1959 1065 2042 omnium,
1085 1977 1164 2045 quae
1182 1961 1326 2024 oratione
1347 1961 1443 2025 maui-

252 2067 420 2148 lestantur,
444 2071 607 2132 notionum
624 2069 758 2132 indolem
776 2067 864 2150 juste
889 2065 1079 2147 definiverit,
1101 2069 1284 2151 frequenter
1307 2069 1445 2132 meliori·

254 2175 315 2240 lrus
338 2177 532 2255 deteriores,
566 2175 615 2241 vel
638 2175 848 2240 deterioribus
873 2175 1043 2256 meliores,
1076 2175 1213 2258 antiquis
1240 2179 1445 2258 recentiores,

253 2283 305 2346 vel
326 2283 555 2347 recentioribus
578 2283 744 2368 antiquas,
769 2285 950 2348 domesticis
972 2283 1170 2371 peregrinas,
1194 2283 1243 2347 vel
1272 2285 1447 2371 peregrinis

250 2391 458 2470 domesticas,
485 2391 595 2476 paneis
619 2391 697 2455 alias
720 2391 866 2455 notiones
886 2391 1047 2475 subjiciet,
1073 2411 1163 2475 qnam
1184 2411 1260 2475 quas
1281 2393 1447 2476 loquentes

259 2497 365 2564 verbis
382 2498 448 2562 suis
475 2519 638 2581 expressas
660 2499 836 2564 voluerunt.
858 2500 972 2564 ltlerito
998 2500 1098 2585 igitur
1118 2501 1318 2583 praeeipuam
1346 2507 1447 2566 atten-

253 2605 373 2670 tionem
390 2610 540 2672 culturae
555 2610 754 2690 loquentium
775 2611 906 2673 ratione
929 2611 1089 2673 materiae
1112 2609 1269 2691 interpres
1293 2611 1449 2694 impendat

257 2719 396 2799 oportet,
420 2720 454 2778 ut
471 2735 508 2780 ex
524 2737 631 2780 eornm
649 2717 742 2780 dietis
758 2717 902 2780 notiones
924 2717 1095 2800 adaequate
1112 2721 1219 2797 eruat,
1244 2723 1276 2780 et
1292 2719 1447 2782 nihilomi-

257 2844 316 2886 nus
331 2823 500 2890 timendum
517 2829 581 2905 est,
605 2845 644 2889 ne
671 2824 811 2888 adhibita
826 2825 909 2889 omni
926 2824 1086 2911 diligentia
1110 2823 1271 2889 hincinde
1287 2847 1341 2891 res
1359 2847 1447 2892 secus

255 2933 355 2998 eedat.

383 3135 412 3182 n.
432 3135 594 3196 sorores,
615 3133 840 3194 orfflrrrrrr
854 3133 1041 3182 momorum
1058 3131 1313 3182 coenosorum.

688 3275 716 3342 s.
735 3269 798 3332 1⁰⁰.
813 3271 1015 3346 arenaeolorta.

342 3406 503 3483 Quatenus
533 3405 694 3468 notionum
718 3402 884 3467 diversitas
917 3404 955 3467 ab
982 3402 1137 3483 externis,
1161 3421 1241 3486 qnae
1267 3401 1444 3486 loquentem

253 3511 457 3594 crcumdant,
469 3512 563 3574 rebus
576 3511 741 3594 dependet,
755 3531 861 3575 aarum
878 3509 1013 3593 qualitas
1029 3511 1163 3596 petenda
1180 3515 1230 3575 est
1242 3511 1445 3576 exArolraeo·

253 3617 349 3706 logia,
367 3639 457 3704 quam
475 3639 512 3682 ex
526 3618 585 3682 hae
601 3617 670 3702 ipsa
687 3619 809 3682 ratione
827 3617 1043 3705 gravissimam
1060 3637 1130 3683 esse
1146 3617 1345 3703 intelligitur.
1372 3618 1444 3682 Stu-
1526 3705 1527 3710 γ

251 3725 338 3791 dium
356 3726 457 3808 ipsius
480 3726 722 3792 llermeneutiea
745 3728 906 3810 supponit.
941 3729 1052 3792 Partes
1079 3725 1330 3812 Archaeologiae
1354 3730 1442 3790 sunt:
1526 3761 1527 3768 ι

253 3835 285 3899 1.
311 3834 527 3920 Geograplria3
551 3839 582 3908 2,
606 3834 741 3898 historia
764 3835 937 3914 naturalis3
959 3838 992 3901 3.
1013 3854 1121 3898 mores
1148 3839 1180 3898 et
1205 3835 1442 3900 eonsuetudines

252 3941 410 4006 hominum
425 3941 632 4021 biblieorum,
654 3944 795 4025 adeoquo
809 3943 952 4028 inprimis
969 3942 1186 4022 orientalium,
1210 3945 1242 4007 t.
1270 3948 1374 4006 status
1388 3964 1442 4029 po-

252 4050 360 4116 liticus
383 4055 414 4114 et
436 4051 467 4116 5.
494 4051 681 4136 religiosus,
705 4051 838 4136 denique
861 4055 892 4116 6.
916 4050 1052 4114 historia
1072 4051 1188 4114 biblica
1215 4071 1285 4114 eum
1308 4052 1442 4116 ehrono·
1526 4111 1527 4146 ,

254 4157 340 4245 logia
354 4157 406 4248 r),
483 4235 485 4242 Ι

272 4321 301 4386 *t
323 4323 443 4372 Substdta
462 4328 581 4385 prostant
599 4329 705 4384 praeter
718 4329 784 4372 uota
802 4325 828 4372 l.
848 4325 959 4372 Jahntl
978 4329 1005 4373 et
1023 4325 1049 4372 p,
1065 4325 1285 4372 Askermannt
1304 4333 1404 4390 opera:

698 4449 718 4502 l.
748 4449 1003 4505 Generatim:

379 4562 404 4609 J.
426 4563 456 4610 ll.
476 4561 618 4626 Pareae,
646 4565 791 4629 Antiquitas
818 4563 892 4620 hebr.
921 4563 1038 4610 breviter
1065 4561 1206 4622 descripta.
1245 4561 1338 4622 Ultrrj.
1367 4559 1437 4607 1828.

324 4654 356 4700 lt.
378 4655 409 4702 p,
430 4654 459 4704 (t.
480 4655 728 4718 ltosanmdller,
754 4655 894 4704 Handbmlr
920 4656 966 4706 dar
991 4653 1051 4702 bibl.
1071 4651 1329 4702 Alterthumskuuda.
1357 4651 1435 4710 helpe.
