3120 5294
331 651 407 696 ininm
422 649 558 696 immutatis
577 648 775 708 discrepantes,
798 649 892 696 dictum
910 653 937 696 et
955 649 1078 710 exemplis
1089 651 1290 700 oenomaum
1307 657 1352 702 est
1369 653 1399 719 s.
1417 654 1460 717 23,

330 741 364 788 ΙΙ.
386 742 413 786 2.
432 741 495 785 nota
513 741 538 785 d.
560 761 594 772 —
613 739 769 800 Praetores,
792 741 862 800 qnod
881 741 908 788 in
927 741 1014 800 iisgoo
1035 742 1155 790 saintes
1172 755 1259 790 rarum
1276 747 1305 792 ei
1322 748 1460 819 posticum,

331 831 358 876 in
377 828 494 874 disiectis
519 828 641 887 frequens
657 831 684 874 et
701 839 852 890 munus,
872 831 941 890 quod
959 832 985 876 in
1004 831 1047 878 iiis
1073 831 1159 880 nobile
1181 833 1208 878 in
1234 833 1275 878 isis
1300 835 1416 892 ignobile
1433 847 1461 882 se

332 923 439 978 vulgare
463 921 514 966 est.
538 917 614 965 conr.
643 917 669 977 ς.
689 917 733 965 ti.
753 943 788 954 -·-
806 920 885 968 Aliud
907 919 1097 980 discrepante
1114 933 1197 982 genus
1215 924 1242 970 iu
1263 935 1296 970 so
1316 926 1396 972 situm
1413 931 1460 986 est,

334 1011 402 1072 quod
426 1021 505 1056 voces
535 1008 671 1055 hebraicae
701 1021 887 1070 nonnumquam
914 1011 1035 1059 notiones
1060 1013 1143 1060 ahoe
1171 1015 1197 1062 in
1225 1015 1328 1074 origine
1361 1017 1460 1074 positas

333 1113 412 1147 nexas
429 1098 556 1157 nnana,
575 1098 619 1146 ubi
637 1100 663 1146 ia
683 1099 799 1146 disieefis
821 1100 874 1159 an
893 1102 996 1159 plenius
1019 1104 1134 1150 excultae
1154 1109 1180 1152 ot
1198 1105 1330 1166 psrioetse
1344 1105 1460 1165 Jnngnn·

333 1195 384 1238 tur.
404 1190 435 1235 id.
449 1201 475 1247 g.
492 1188 566 1236 hebr.
587 1180 713 1264 tnvp'mvt
732 1182 790 1262 itii?
817 1187 998 1251 deformati,
1017 1193 1037 1240 Ι.
1057 1206 1082 1240 e.
1111 1193 1291 1243 dissimulavit
1323 1195 1460 1242 rationem

333 1295 409 1329 suom
428 1280 450 1326 Ι.
470 1277 541 1368 §aaa
561 1279 626 1338 xxi,
649 1280 691 1325 it.
711 1279 755 1325 Ps.
775 1279 882 1340 miv,
904 1283 928 1330 1.
947 1285 1048 1339 syriace
1067 1283 1219 1341 simpliciter
1238 1283 1336 1346 absquo
1357 1286 1459 1332 addita-

334 1391 418 1436 mento
448 1386 501 1454 μ..
537 1385 670 1436 issoss'oit
682 1397 694 1444 ‚·
739 1387 811 1438 hebr.
854 1391 910 1464 πψτη
939 1389 1099 1446 sderruos'i,
1126 1391 1207 1439 chald.
1236 1397 1294 1468 Περ
1323 1393 1460 1442 isiciorum

335 1515 419 1564 esitus·
454 1513 557 1561 deditus
584 1511 655 1575 fuit,
695 1525 748 1571 syr.
783 1488 837 1580 ssg
866 1512 1021 1562 sancum
1048 1514 1112 1578 suit.
1146 1518 1243 1566 (ioum
1267 1520 1328 1566 hinc
1355 1521 1417 1566 inde
1435 1522 1458 1566 in

333 1605 451 1654 dialectis
470 1601 589 1652 notiones
608 1605 746 1664 primariae
765 1604 922 1663 superstites
942 1605 1112 1668 exhibentur,
1141 1609 1184 1654 ubi
1203 1611 1229 1654 in
1247 1609 1373 1656 hebraico
1389 1611 1457 1656 deri-

333 1703 410 1744 vatae
428 1697 540 1744 usitatae
557 1701 626 1744 sunt.
657 1697 777 1754 Exempla
796 1696 871 1756 hujus
888 1697 927 1742 rei
945 1695 1026 1744 habos
1044 1697 1070 1757 s·
1092 1698 1136 1746 it.
1157 1702 1219 1746 nota
1236 1701 1301 1747 1.3.
1321 1701 1348 1747 8.
1370 1697 1399 1765 s.
1417 1702 1457 1747 48.

332 1791 393 1834 nota
413 1787 439 1833 2.

286 1871 311 1941 ³)
331 1880 379 1938 Qui
397 1879 428 1924 ds
447 1880 532 1924 indole
561 1879 719 1936 singularum
747 1873 886 1924 semitismi
906 1875 1074 1924 dialectomm
1092 1881 1167 1939 plura
1187 1879 1254 1927 seire
1273 1881 1364 1943 cupit,
1392 1881 1460 1941 icgst

331 1968 510 2026 Haeserunt,
530 1967 596 2014 itini.
623 1967 643 2013 Ι.
664 1967 694 2014 ¹1¹.
713 1969 735 2014 Ι.
755 1965 867 2014 obtueri.
896 1978 922 2024 p·
943 1967 1079 2015 oa-ros.
1106 1973 1134 2018 st
1159 1967 1302 2020 Detinetis·
1332 1972 1460 2031 isagogoa

331 2071 358 2117 p.
374 2058 408 2104 65
422 2071 478 2118 seq.
500 2060 534 2106 76
548 2071 604 2118 seq·
625 2059 659 2104 89
679 2071 736 2118 seq·
756 2063 807 2106 otc.

539 2285 565 2354 s.
581 2285 625 2343 ΙΙ.
642 2284 827 2380 insinueris
842 2283 1022 2344 disiectum
1038 2287 1176 2359 nocua

351 2447 438 2524 Quae
456 2467 525 2508 cum
543 2447 587 2508 ita
604 2445 677 2524 sint,
695 2443 823 2508 dialecti
840 2452 992 2532 cognatae
1007 2467 1065 2532 per
1081 2449 1217 2514 sesclae
1233 2451 1382 2514 notiones
1400 2455 1455 2516 he-

258 2555 436 2616 braicorum
453 2554 567 2617 docere
593 2575 654 2616 non
681 2553 827 2618 valebunt
845 2553 900 2644 1);
928 2558 1010 2620 haud
1038 2578 1147 2640 parum
1175 2563 1277 2622 tomen
1307 2561 1458 2624 utilitatis

258 2662 430 2724 scrutatori
446 2683 472 2724 s.
489 2663 665 2743 scripturae
681 2669 853 2747 praestant.
878 2666 919 2728 ut
934 2665 1058 2748 quidem

350 2772 381 2833 1.
398 2790 503 2850 voces,
522 2769 786 2856 significationes,
808 2773 926 2837 formas
942 2795 979 2837 ac
1004 2775 1278 2852 constructiones,
1306 2796 1366 2839 nec
1395 2799 1456 2840 oon

257 2879 399 2962 integras
416 2881 546 2962 phrases
562 2900 598 2942 oo
610 2885 718 2964 partes
730 2880 813 2944 sacri
826 2881 944 2946 codicis
956 2883 1099 2964 poeticas
1115 2883 1285 2946 dilucidant
1302 2881 1346 2970 ²).

348 2993 380 3052 2.
396 2989 622 3051 Hebraicorum
639 2993 826 3072 potestates,
844 3011 923 3075 quae
939 2991 1071 3054 aliorum
1089 2991 1299 3055 subsidiorum
1327 3013 1389 3074 ope
1406 2995 1455 3056 in·

255 3102 366 3160 ventae
382 3097 509 3176 fuerint,
527 3117 620 3180 saepe
637 3099 763 3184 egregie
776 3097 962 3162 confirmant
975 3093 1019 3188 ⁸).

347 3209 379 3272 3.
396 3209 564 3272 Praeterea
579 3207 661 3270 haud
676 3229 749 3270 raro
768 3209 860 3272 etiam
877 3210 915 3272 ad
931 3209 1133 3272 vindicandos
1150 3207 1240 3272 locos
1257 3209 1455 3295 dogmaticos

258 3321 369 3380 contra
385 3317 635 3380 adversariorum
652 3315 847 3398 objectiones
863 3318 1004 3380 serviunt
1020 3313 1064 3405 ⁸).

346 3427 379 3490 4.
396 3425 537 3506 Denique
549 3445 649 3508 neque
662 3425 739 3487 illud
749 3427 1059 3507 praetermittendum
1080 3433 1139 3506 est,
1153 3427 1236 3509 quod
1248 3426 1454 3510 interpretem

256 3552 379 3596 sacrorn
396 3535 435 3595 ad
452 3533 592 3596 cruditos
609 3533 740 3596 aliorum
752 3533 876 3598 labores
888 3535 948 3598 rite
966 3535 1176 3598 aestimandos
1189 3542 1220 3598 et
1233 3535 1451 3618 dijudicandos

255 3646 372 3704 acuunt
388 3637 431 3726 ⁵).
871 3648 874 3656 '

282 3800 449 3866 ¹)1iqoioem
476 3805 526 3850 siri
550 3805 707 3863 doctissimi,
737 3805 776 3851 uti
803 3807 872 3852 inter
899 3808 1078 3856 Protsstsntss
1108 3807 1176 3854 Alis.
1207 3807 1451 3862 §conitensiuu

327 3897 395 3942 inter
412 3895 560 3941 catholicos
579 3894 604 3939 J.
623 3894 720 3955 Jahn,
741 3907 849 3955 eumque
867 3909 978 3956 sequeus
995 3898 1196 3946 Aeksrmaon
1215 3898 1306 3956 iugens
1324 3897 1453 3944 disiecto·

326 3998 382 4032 rum
396 3985 454 4030 usui
464 3985 658 4032 emolumentum
677 3997 725 4044 pro
743 3983 894 4034 definiendis
913 3987 1096 4034 hebraicarum
1114 3999 1205 4032 vocum
1223 3985 1372 4033 notionibus
1393 3987 1451 4032 vin·

327 4077 430 4135 dicant3
458 4080 499 4122 ast
528 4088 560 4121 ex
586 4076 721 4134 principiis
751 4077 776 4136 s.
797 4078 841 4124 23.
864 4078 897 4124 11.
918 4079 944 4124 2.
964 4079 1033 4137 ets.
1050 4079 1093 4124 ti.
1114 4077 1256 4136 propositis
1275 4090 1321 4126 eas
1339 4079 1367 4124 in
1384 4079 1451 4124 hunc

326 4164 401 4211 tinem
421 4166 503 4212 minus
522 4168 594 4212 recte
614 4165 732 4213 adhiberi
751 4167 935 4214 existimemus.

280 4267 307 4336 ᾖ)
324 4273 527 4321 Dilucidationos
547 4273 624 4333 hujus
644 4275 747 4334 generis
766 4275 907 4335 praebente

307 4363 343 4426 a)
364 4366 452 4422 Quoad
474 4374 568 4424 voces,
590 4365 646 4410 dum
672 4379 760 4413 earnm
780 4367 882 4413 radices
903 4367 928 4412 in
947 4365 1070 4412 hebraico
1099 4365 1262 4424 deperditas,
1281 4365 1322 4410 uti
1341 4365 1450 4411 nominis

362 4458 413 4528 ης
434 4456 504 4501 duro
524 4456 671 4512 tractatio,
701 4458 842 4520 oppressio
864 4455 958 4520 (Exod.
986 4457 1014 4516 i,
1046 4457 1088 4504 1³.
1120 4457 1162 4502 ii.
1194 4452 1244 4519 sl.)
1273 4455 1298 4500 in
1319 4457 1449 4502 arausico

361 4603 413 4674 τῆς
442 4597 545 4661 freps't,
574 4613 651 4657 porro
679 4603 788 4648 nominis
819 4605 853 4663 πῃ
872 4604 949 4662 putto
976 4604 1002 4649 ei
1027 4600 1062 4649 “td
1090 4601 1205 4662 myrris
1233 4603 1259 4648 in
1285 4563 1448 4677 arabico>

358 4709 452 4772 fluxit,
478 4721 526 4756 nec
549 4721 600 4756 noo
620 4709 730 4758 nominis
755 4687 809 4784 1⁸¹2?
829 4721 930 4773 sponso
949 4711 1028 4772 (quae
1040 4714 1166 4760 coronato
1181 4711 1258 4772 erat),
1274 4711 1300 4756 in
1317 4709 1447 4759 arausico
