3120 5294
1299 515 1352 588 67

161 735 163 740 .
223 703 312 738 corum
331 692 357 738 ln
377 691 568 738 commentariis
588 691 774 750 deposnerunt.
811 689 948 750 Praecipui
967 694 1045 738 sont:
1075 690 1205 740 salomo
1225 693 1349 750 derebi,

222 782 310 830 A¹ben
326 783 417 838 hera,
438 781 538 830 nevis
554 775 688 844 Klmchi,
708 781 870 830 'lancium
890 783 1230 844 hierosolymitanus,
1251 785 1347 832 laesit

222 873 412 918 Abarbensl
440 875 467 918 et
493 870 623 919 salomo
649 872 707 921 ben
732 873 867 920 bleleeb.
905 873 944 921 lie
962 885 1054 920 eorum
1072 875 1265 922 commentariis
1286 875 1347 922 sllbi

224 976 309 1010 sermo
328 966 454 1010 recurret.

173 1047 200 1120 1)
222 1054 267 1101 Sic
286 1067 309 1101 e.
329 1065 353 1113 g.
374 1052 430 1100 des.
450 1053 478 1108 V,
497 1054 524 1100 2.
546 1055 573 1104 s.
592 1046 684 1137 miili?
707 1054 773 1101 sl).
793 1054 920 1102 Kimehi
940 1055 971 1102 de
996 1055 1054 1102 usis
1080 1055 1158 1103 motis
1179 1051 1346 1119 (labruscis),

222 1145 324 1191 liuciae.
344 1143 398 1196 Xll,
418 1143 443 1190 5.
463 1135 556 1220 tigilhff
581 1143 612 1190 ab
638 1143 726 1190 Aben
752 1144 833 1189 llere
859 1145 891 1192 de
920 1145 1137 1207 concupiscentis
1165 1146 1275 1194 carsoli
1301 1158 1349 1193 sen

224 1235 347 1298 appetitu
365 1233 492 1293 coeundi,
513 1237 539 1280 et
557 1235 601 1282 Ps.
615 1234 664 1296 ΙΝ,
684 1234 727 1280 23.
747 1234 811 1308 ῆξζῖζ
830 1247 846 1280 s
864 1234 880 1281 J
887 1235 977 1282 archi
1002 1248 1050 1295 per
1074 1248 1140 1284 ossus
1161 1237 1234 1283 taum
1252 1238 1346 1295 optime

223 1328 396 1383 exponuntur.
432 1324 507 1370 coni.
542 1326 619 1371 etiam
648 1321 785 1371 Gesenll
817 1328 953 1372 comment.
983 1325 1007 1372 ln
1037 1323 1163 1382 Jessiam,
1193 1327 1347 1386 praesertlm

222 1417 283 1474 pag.
305 1413 477 1473 iis-127,
505 1413 549 1461 ubi
576 1415 716 1475 specimina
740 1417 794 1460 tum
820 1413 903 1461 bonae
921 1417 974 1462 tum
993 1413 1104 1462 vitlem
1123 1413 1345 1477 interpretationis

223 1503 380 1552 iudaeorum
399 1501 560 1550 exhibentur.

700 1679 727 1747 S.
747 1673 792 1734 4⁰.

655 1783 686 1856 d)
711 1783 838 1840 Mosoro.

240 1931 381 2016 lienique
396 1929 536 1993 lontibus
552 1928 731 1992 traditionis
741 1927 887 2010 judaieae
904 1927 990 1990 cirea
1005 1947 1094 1990 nsum
1111 1927 1259 2011 loquendi
1286 1930 1343 1993 he·

147 2041 290 2106 brainam
302 2039 498 2124 adjungimus
509 2039 693 2118 Mosmom,
712 2036 878 2120 quaelicet
895 2036 1016 2098 demum
1033 2035 1218 2100 saecolon.
1235 2039 1343 2102 adoe-

148 2144 819 2229 toribusPalaestinensibus,Tiberiensibus
831 2144 1026 2227 praesertim,
1043 2143 1075 2206 in
1092 2147 1344 2229 corpusredaeta

149 2264 182 2322 ct
198 2256 459 2342 subsequentibus
476 2256 576 2319 adbuc
592 2253 727 2317 saeculis
742 2258 835 2317 aneta
851 2254 914 2336 sit,
943 2255 1045 2338 quoad
1067 2254 1206 2339 singulas
1227 2261 1343 2337 tamen,

149 2383 228 2449 quas
240 2362 461 2445 complectitur
473 2362 717 2440 observationes,
730 2366 779 2424 est
791 2361 1017 2444 antiquissima.
1030 2363 1181 2446 Equidem
1188 2364 1342 2430 Masoret·

147 2473 258 2537 harum
273 2471 364 2535 labor
378 2471 410 2532 in
427 2491 464 2534 eo
481 2471 677 2552 potissimum
692 2475 845 2552 versatur,
867 2475 1022 2534 attextus
1039 2471 1158 2534 codicis
1175 2473 1260 2536 sacri
1281 2475 1341 2536 mi-

147 2584 224 2644 nuta
240 2577 401 2664 diligentia
417 2578 528 2642 critice
545 2578 755 2658 custodiatur3
782 2597 875 2659 saepe
889 2583 993 2641 tamen
1009 2578 1101 2642 etiam
1116 2585 1210 2644 notae
1225 2580 1342 2646 admis-

149 2693 270 2770 centur,
288 2708 366 2772 quae
382 2688 421 2750 ad
435 2685 667 2771 grammaticam
679 2689 710 2748 ct
723 2683 982 2770 lexicographiam
996 2686 1162 2769 pertinent,
1177 2693 1219 2766 et,
1231 2693 1343 2771 utpote

149 2799 189 2861 ab
215 2797 397 2861 auctoribus
419 2795 702 2860 Palaestinensibus
729 2793 906 2876 proiectae,
931 2794 1097 2876 plurimum
1113 2797 1261 2877 ponderis
1285 2799 1343 2861 ha·

148 2904 275 2992 bcnt1).
292 2890 426 2968 Ratione
437 2904 664 2988 grammaticali
679 2903 874 2965 manifestum
888 2909 946 2984 est,
963 2903 1157 2968 Masoretbae
1169 2904 1202 2967 in
1213 2908 1341 2990 negotio

148 3035 208 3078 suo
225 3013 378 3097 principia
393 3011 638 3096 grammaticalia
654 3016 780 3074 secutos
797 3029 877 3092 esse,
895 3029 984 3093 quac,
1002 3031 1071 3073 cnm
1086 3017 1162 3074 tuno
1188 3015 1341 3096 temporis

146 3125 181 3188 in
198 3127 336 3206 systema
350 3121 478 3184 redacta
493 3121 627 3182 nondum
644 3119 831 3201 exstiterint,
848 3120 886 3182 ab
899 3119 962 3181 illis
975 3139 1011 3181 ex
1024 3120 1129 3182 studio
1141 3124 1246 3185 textus
1258 3124 1341 3186 sacri

146 3233 308 3296 abstracta
321 3230 421 3293 fuisse
437 3229 662 3294 existimantur.
686 3227 806 3305 Quibm
821 3227 853 3289 in
881 3226 1086 3308 dijudicandis
1113 3233 1145 3292 et
1172 3228 1341 3312 seligendis

145 3339 337 3405 lectionibus
353 3359 463 3423 magna
485 3338 608 3420 quidem
625 3335 786 3421 diligentia
802 3356 836 3400 se
856 3335 1105 3418 conformarent,
1135 3336 1208 3420 quin
1235 3345 1340 3402 tannen

146 3447 188 3512 ad
203 3447 414 3512 diversitatem
428 3447 567 3510 auctoris
584 3450 615 3508 et
626 3445 711 3529 styli,
723 3451 816 3528 atque
829 3446 868 3507 ad
881 3443 1124 3528 orthographiae
1140 3450 1172 3508 et
1184 3465 1339 3530 gramma·

145 3557 232 3621 ticae
247 3555 502 3638 inconstantiam,
525 3573 605 3640 quae
621 3554 653 3616 in
668 3554 775 3639 lingua
790 3553 859 3617 viva
875 3573 944 3617 esse
960 3553 1059 3634 solet,
1084 3555 1280 3618 attenderent
1293 3549 1336 3640 ²).

173 3717 199 3783 1)
219 3722 352 3782 lijusmodi
370 3724 446 3768 notae
466 3724 542 3778 sunt,
571 3720 615 3767 ubi
643 3722 745 3766 nomine
763 3720 869 3781 propria
887 3732 903 3765 a
921 3719 1007 3766 verbis
1035 3719 1077 3779 (ut
1095 3710 1167 3784 qtii’)
1187 3722 1214 3765 et
1232 3732 1339 3767 sacres

220 3813 339 3872 prolenis
369 3812 411 3874 (ut
428 3789 478 3875 Sit)
498 3813 584 3859 addite
602 3812 765 3858 annotatione
784 3810 960 3869 distinguunt,
989 3822 1013 3855 s.
1033 3821 1058 3868 g.
1080 3807 1176 3856 (lenes.
1196 3807 1289 3871 XXVI,
1310 3811 1335 3859 l.

220 3899 373 3958 Buxtorl,
395 3902 547 3950 'libertas
566 3917 592 3962 p.
609 3901 677 3962 tt&
697 3901 738 3948 vel
750 3900 793 3946 ubl
806 3902 961 3959 potestatem
980 3895 1163 3946 vesaniorem
1181 3911 1229 3957 pro
1248 3901 1336 3946 diver-

221 3995 298 4040 sitate
317 3993 495 4052 punctationis
514 3993 642 4053 indicent,
661 3992 731 4039 velus
749 3991 781 4037 ed
801 3993 915 4067 bihiig,
934 3989 994 4035 Job.
1005 3989 1055 4041 XV,
1074 3989 1100 4036 b.
1115 4002 1165 4049 quo
1177 3991 1204 4036 in
1217 3992 1276 4037 loco
1289 3993 1337 4039 ob·

220 4086 339 4139 servent,
358 4084 408 4130 boo
426 4083 457 4130 ab
478 4085 590 4146 bilbili,
611 4082 671 4130 Job.
684 4081 764 4140 XXli,
784 4082 808 4128 o.
822 4080 982 4140 ostgesch
994 4078 1032 4124 lte
1044 4079 1205 4140 discrepare,
1225 4083 1254 4128 ut
1266 4081 1339 4140 prlue

219 4174 323 4233 sums,
341 4174 391 4220 noe
409 4174 545 4237 septenos
565 4147 708 4234 irenaceo,
735 4172 845 4220 amors
859 4172 878 4218 1.
898 4182 923 4216 e.
942 4183 970 4228 p.
990 4167 1053 4214 aas.
1074 4171 1100 4244 ‘t‘
1118 4169 1187 4228 ²⁸⁷3
1205 4171 1246 4216 vsi
1264 4171 1340 4217 senr-

220 4275 270 4322 que
288 4261 332 4308 ubi
349 4274 428 4309 voees
447 4275 479 4309 se
497 4264 604 4322 phrases
624 4263 739 4310 rariores
758 4265 787 4307 et
804 4259 969 4307 obscuriores
992 4257 1173 4305 usitatioribus
1192 4263 1267 4319 etque
1285 4261 1339 4306 cle·

217 4353 330 4399 rioribus
358 4354 515 4412 explanant,
542 4353 623 4400 veluti
641 4354 700 4400 dum
719 4343 817 4424 tilpini?
836 4347 1339 4406 mortsooebeemorrbotdolesponunt

221 4455 299 4489 setus
318 4443 366 4489 mn
384 4453 431 4502 pro
457 4420 560 4518 hipp,
588 4444 666 4490 neue.
685 4442 800 4499 xxviii,
831 4441 875 4486 aa
903 4439 925 4486 1.
955 4436 1023 4484 scm.
1050 4436 1080 4498 V,
1110 4438 1137 4484 o.
1167 4439 1193 4484 e.
1225 4439 1267 4484 12.
1295 4441 1340 4483 sut

221 4509 288 4606 πξζξ
303 4525 373 4605 μύες
388 4534 492 4596 tempus
511 4532 599 4580 moade
618 4545 665 4590 pro
684 4509 750 4605 Ιτξζξ
766 4523 842 4597 iiiti'tlt
861 4529 966 4591 pupilia
984 4526 1079 4584 saetis,
1098 4526 1239 4580 Promn,
1259 4527 1301 4574 20.

173 4615 202 4686 ⁵)
226 4620 270 4668 Sic
289 4621 452 4669 blesorethee
481 4623 642 4682 proprietate
667 4620 854 4678 Penatencni,
883 4630 934 4678 que
957 4619 1007 4664 ttiti
1032 4619 1060 4662 et
1081 4619 1127 4676 titi
1155 4626 1203 4673 pro
1231 4617 1339 4674 utroque

225 4722 320 4771 genere
340 4713 434 4774 utitur,
454 4725 504 4760 non
520 4709 671 4767 observata,
690 4713 753 4758 bsoo
771 4709 898 4758 voeabula
917 4707 943 4754 ln
962 4705 1086 4754 feminino
1104 4717 1151 4764 per
1169 4706 1218 4766 itii)
1231 4708 1258 4752 et
1275 4707 1344 4780 «Ἧι,

1058 4809 1108 4858 5.
