3118 5282
1214 430 1293 504 339

195 594 287 674 Quod
314 616 390 660 vcro
417 599 455 662 de
482 599 666 665 remissione
693 603 877 687 disciplinae
904 607 1294 672 ecclesiasticaeaatione

101 705 282 768 versionum
298 705 473 790 uulgarium
498 723 665 792 eurumque
682 710 830 778 lectionis
848 717 1023 798 generatim
1045 737 1105 779 non
1128 713 1293 799 tacuimus,

102 813 229 874 minime
252 815 290 876 de
314 810 524 878 moliminibus
556 821 749 882 societatum
778 819 969 886 biblicarum
998 823 1120 904 valent,
1157 825 1292 905 quaein

103 921 218 1006 Anglia
234 943 313 985 anno
334 923 430 988 1804.
447 925 581 1008 primum
598 921 800 1008 constitutae,
818 943 888 994 mox
904 927 998 1017 longe
1014 933 1139 1016 lateque
1155 930 1296 1016 diffusae,

106 1030 201 1092 nullis
218 1036 384 1114 parcentes
403 1035 576 1116 sumptibus
592 1035 623 1098 in
639 1037 671 1100 id
688 1037 887 1121 conspirant,
911 1045 946 1102 ut
969 1041 1140 1104 divinarum
1157 1020 1295 1125 scriptu·

104 1158 212 1202 rarum
240 1139 338 1202 libros
363 1141 396 1202 in
420 1142 570 1228 vulgares
598 1165 737 1226 quasque
764 1145 886 1232 linguas
918 1148 1091 1212 translatos
1125 1169 1296 1234 permagno

107 1248 203 1308 edant
221 1248 438 1331 exemplarium
455 1265 601 1328 numero,
628 1269 747 1336 eosque
763 1253 847 1316 inter
860 1251 993 1338 popuios
1011 1257 1210 1339 christianos,
1233 1258 1295 1320 imo

107 1359 142 1416 et
158 1351 300 1418 infideles
317 1357 535 1440 disseminent,
560 1357 681 1444 bosque
697 1361 875 1444 promiscue
892 1365 928 1425 ad
954 1361 1027 1426 illos
1050 1363 1199 1449 legendos
1226 1363 1298 1427 alli·

107 1463 203 1527 ciant.
244 1466 349 1543 Quare
366 1487 435 1529 cum
451 1460 508 1530 tali
523 1462 673 1532 librorum
691 1483 852 1534 sacrorum
869 1467 1074 1536 translatione
1091 1493 1126 1535 ac
1143 1464 1296 1536 distribu-

106 1571 211 1654 tione,
248 1573 299 1636 cui
327 1579 360 1636 et
385 1576 559 1640 auctoritas
587 1574 804 1641 ecclesiastica
827 1585 859 1643 et
878 1579 968 1661 justa
995 1581 1170 1664 explanatio
1199 1582 1299 1660 deest,

106 1680 179 1746 fieri
195 1702 257 1744 non
272 1683 393 1765 possit,
418 1685 491 1767 quin
507 1685 539 1746 in
555 1687 724 1768 perniciem
740 1687 904 1772 religionis
920 1690 1096 1753 catholicae
1113 1690 1213 1768 cadat,
1225 1689 1299 1772 jure

1 1866 4 1887 Ι
106 1790 223 1854 merito
240 1791 372 1854 Romani
390 1790 559 1855 Pontifices
575 1795 746 1857 societates
769 1795 902 1858 biblicas
928 1797 1053 1858 iteratis
1069 1797 1206 1860 decretis
1222 1817 1297 1879 pro·

1 1976 6 1998 Ι
107 1899 324 1982 scripserunt,
350 1903 383 1962 et
398 1901 498 1964 adbuc
515 1903 717 1983 proscribere
734 1909 869 1988 pergunt
880 1895 922 1989 ⁷).

138 2095 163 2160 1)
184 2099 258 2147 conf.
285 2115 350 2162 quae
370 2103 417 2148 bac
436 2105 467 2150 de
496 2117 524 2150 re
544 2101 644 2150 erudite
666 2105 755 2152 scribit
780 2107 796 2152 J
805 2119 932 2153 oannes
961 2108 1124 2162 Persone,
1157 2102 1297 2154 Praefecti.

184 2190 308 2250 theolog.
327 2192 382 2239 Vol.
402 2187 445 2239 ill.
465 2194 541 2240 Parte
559 2191 590 2240 il.
614 2194 685 2241 Sect.
705 2197 725 2242 1.
747 2196 809 2256 Gap.
821 2196 852 2242 V.
872 2198 982 2256 Prcpcs.
1001 2191 1032 2243 il.
1052 2209 1112 2256 pag.
1136 2191 1185 2242 159
1206 2209 1261 2256 sqq.

138 2275 165 2346 ²)
186 2285 223 2329 lta
241 2285 276 2329 lu
287 2286 480 2331 nocentius
501 2278 545 2330 ni.
565 2280 638 2332 initio
658 2277 756 2332 saeculi
771 2284 839 2332 Xill.
854 2286 990 2332 lectionem
1008 2279 1198 2346 scripturarum
1214 2291 1303 2338 secra·

184 2385 242 2420 rum
259 2375 360 2433 vulgari
379 2369 501 2422 idiomate
521 2385 569 2434 pro
590 2369 708 2422 fidelibus
726 2376 855 2422 dioecesis
884 2375 1049 2422 biotenate
1070 2372 1172 2423 monitis
1195 2382 1222 2422 et
1238 2387 1300 2424 cau·

185 2461 298 2511 tionibus
319 2467 534 2525 circumscripsit.
562 2461 625 2513 Vide
644 2461 719 2527 buius
740 2467 871 2514 Pontificio
888 2468 967 2526 epist.
985 2468 1044 2514 fii.
1064 2472 1091 2514 et
1111 2469 1170 2514 tte.
1191 2459 1247 2513 Lib.
1268 2467 1305 2512 il.

186 2561 212 2604 et
232 2553 310 2616 epist.
329 2549 393 2603 235.
414 2551 530 2604 biblii.
550 2559 577 2604 in
596 2553 657 2605 edit.
678 2558 790 2618 steph.
811 2551 956 2606 balusii.
983 2556 1045 2606 Pari
1068 2559 1142 2604 modo
1160 2553 1303 2604 concilium

188 2643 367 2707 Tolosanum,
397 2660 462 2694 enno
485 2643 563 2695 1220.
583 2643 740 2696 celebratum
763 2651 868 2696 Oenone
897 2651 961 2696 XIV.
984 2662 1076 2696 severe
1094 2649 1242 2709 prohibuit,
1270 2661 1303 2696 ne

185 2739 266 2786 libros
284 2740 313 2786 V.
334 2743 378 2786 aut
397 2740 428 2786 N.
454 2741 481 2786 Τ.
508 2733 567 2786 laici
587 2743 611 2787 in
634 2737 728 2788 Galliis
748 2744 816 2800 apud
841 2755 870 2788 se
895 2741 1005 2787 babeant
1033 2746 1139 2800 excepto
1164 2740 1304 2795 Psalterio‚

186 2831 270 2890 quod,
296 2830 402 2876 exclusa
422 2833 506 2876 tamen
532 2827 705 2878 translatione
725 2831 751 2876 in
774 2830 884 2889 linguam
903 2831 1080 2885 vernaculam,
1104 2825 1199 2876 habere
1219 2829 1302 2876 licuit.

187 2921 262 2980 Apud
272 2915 291 2966 C
301 2921 438 2966 oiletum
458 2920 483 2966 in
496 2921 597 2966 collect.
619 2921 716 2967 Veneto
730 2916 909 2966 conciliorum.
928 2921 998 2966 fem.
1012 2919 1076 2965 Xiil.
1096 2921 1159 2966 coll.
1172 2915 1251 2966 taso.

139 3003 165 3073 ε)
186 3007 285 3070 Regula
304 3004 345 3056 tv.
366 3003 460 3056 indicis
477 3001 602 3056 librorum
625 3011 827 3072 prohibitorum,
849 3025 923 3070 qnam
939 3012 1090 3056 constitutio
1107 3011 1158 3057 Pii
1177 3011 1216 3056 lV.
1236 3010 1305 3057 edita

189 3097 231 3148 24.
251 3095 336 3148 Martii
358 3101 434 3148 1564.
454 3101 641 3160 praescripsit,
661 3103 697 3148 ite
715 3105 806 3148 sonat:
834 3102 919 3157 „cum
941 3102 1117 3160 experimento
1144 3102 1305 3148 menifestum

179 3185 242 3254 ¹eit,
263 3195 285 3240 si
306 3204 383 3238 saera
398 3189 480 3237 Biblia
505 3191 606 3250 vulgari
631 3194 718 3252 lingua
743 3193 840 3252 passim
865 3193 923 3238 eine
942 3189 1090 3238 discrimine
1113 3193 1306 3250 permittentur,

189 3286 247 3341 plus
268 3283 328 3328 inde
349 3282 381 3327 cb
401 3282 528 3326 bominum
549 3285 716 3329 temeritatem
735 3279 880 3329 detrimenti
896 3295 969 3340 quam
984 3275 1105 3328 utilitatis
1117 3281 1196 3341 oriri,
1213 3282 1260 3326 irae
1278 3282 1304 3325 in

191 3381 266 3432 parte
284 3373 383 3433 judicio
403 3372 525 3431 Episcopi
545 3379 589 3418 aut
608 3375 769 3432 inquisitoris
784 3376 878 3428 stetur,
896 3376 925 3418 ut
942 3383 998 3417 cum
1015 3371 1122 3417 consilio
1139 3371 1248 3417 Petosiri
1266 3371 1307 3416 vel

190 3459 352 3510 Confeeserii
372 3455 511 3508 iiibiiorum
532 3459 697 3509 acatholicis
718 3463 867 3509 auctoribus
889 3475 1023 3508 versorum
1051 3459 1186 3508 lectionem
1204 3462 1229 3506 in
1248 3460 1305 3506 rui·

191 3556 246 3614 geri
261 3555 348 3613 lingua
367 3555 405 3600 eis
425 3552 568 3600 concedere
587 3555 697 3613 possint,
717 3567 780 3612 quos
801 3555 972 3600 intellexerint
989 3562 1020 3598 ex
1032 3547 1177 3612 hujusmodi
1193 3552 1306 3598 lectione

192 3659 244 3692 non
263 3647 397 3698 damnum,
421 3645 468 3690 sed
486 3642 545 3690 fidei
573 3647 649 3701 etque
672 3643 778 3701 pietatis
802 3647 965 3702 augmentum
991 3654 1084 3702 cepere
1105 3653 1202 3702 posset
1232 3653 1306 3700 quem

191 3737 341 3782 facultatem
363 3735 387 3780 in
405 3734 513 3794 scriptis
531 3733 646 3780 babeant.
676 3733 725 3791 Qui
746 3733 830 3780 autem
851 3733 948 3792 absque
967 3734 1015 3780 teii
1032 3732 1154 3780 facultate
1174 3744 1204 3778 ea
1218 3732 1307 3791 legere

193 3839 240 3872 ssu
255 3826 349 3871 babere
370 3825 572 3883 praesumserit,
602 3823 653 3868 nisi
672 3822 744 3882 prius
763 3823 852 3870 sititis
870 3824 1003 3872 ordinarie
1029 3824 1153 3884 redditis,
1184 3828 1307 3882 peccato·

193 3928 250 3962 mm
269 3913 455 3962 absolutionem
473 3913 610 3972 percipere
627 3912 807 3982 nonpossit.”

148 3992 176 4071 i)
197 4007 356 4054 Auctoritets
375 4005 564 4052 Benedicti
583 4001 646 4050 XiV.
666 4005 698 4050 ad
710 4004 836 4052 laudatam
853 4007 968 4064 tegulam
985 4005 1027 4052 lV.
1048 4003 1142 4052 indicis
1156 4015 1187 4052 ex
1199 4007 1309 4052 [terreto

195 4096 409 4156 congregationis
426 4094 522 4141 indicia
541 4094 675 4162 ¹13.{.iunii
697 4095 775 4141 1757.
794 4095 858 4142 haec
879 4100 939 4142 eunt
959 4096 1063 4141 additae
1084 4095 1202 4154 „Quodsi
1220 4095 1311 4153 hujus·

196 4189 263 4234 modi
275 4185 415 4233 Biblicrum
429 4186 567 4232 versiones
585 4186 685 4245 vulgari
702 4188 790 4244 lingue
809 4187 906 4232 fuerint
921 4185 952 4232 ab
970 4187 1117 4245 apostolice
1133 4185 1195 4233 sede
1211 4195 1309 4242 appro-

194 4279 270 4326 batae
288 4280 333 4324 aut
357 4277 441 4323 editae
464 4289 520 4322 cum
538 4275 747 4323 annotationibus
767 4275 894 4322 deeumtis
919 4287 951 4322 ex
978 4289 1013 4326 ss.
1028 4276 1162 4323 Ecclesiae
1187 4274 1310 4321 Patribus

195 4369 238 4414 vei
254 4367 338 4414 doctis
352 4368 534 4426 catholicisque
549 4367 622 4425 viris,
642 4362 847 4412 conceduntur.”
870 4366 968 4412 confer
981 4377 1082 4426 quoqne
1099 4365 1233 4411 Decretum
1246 4376 1309 4409 auc-

195 4460 301 4504 toritate
317 4456 370 4502 Pii
389 4451 556 4504 liis-edite
575 4452 784 4515 congregatione
805 4452 900 4502 indicis
918 4451 962 4504 23.
981 4455 1054 4502 Junii
1073 4451 1150 4501 teti.
1168 4449 1308 4502 Vereiones

197 4559 261 4598 sero
278 4561 294 4593 e
318 4547 380 4593 sede
400 4547 542 4607 apostolice
566 4547 726 4606 approbatae
747 4549 773 4592 et
793 4547 919 4606 ejusmodi
940 4545 1148 4593 annotationibus
1170 4545 1314 4594 instructae

201 4647 277 4688 suut:
299 4639 596 4704 i'ereioiteiicaaedite
617 4639 651 4684 ab
676 4637 794 4698 tibtote,
815 4641 906 4696 postea
934 4637 1134 4697 Arcbiepiscopo
1153 4641 1313 4698 florentino,

989 4739 1096 4813 bore
