3112 5284
251 421 328 496 252

245 598 389 684 proiecto
406 598 475 682 ipsa
490 598 520 659 in
539 599 717 680 exponenda
734 618 759 661 s.
776 599 963 684 Scriptura,
988 622 1068 684 quae
1085 607 1207 688 partem
1223 608 1348 668 tantum
1365 627 1436 670 con-

247 707 327 772 tinet
343 705 443 770 totius
460 706 622 770 doctrinae
638 703 787 769 coelestis
804 704 971 794 (5135),
995 708 1024 771 si
1039 710 1078 774 ad
1095 730 1161 772 eam
1178 711 1255 774 baec
1271 713 1432 794 provincia

246 819 388 897 spectat,
413 814 522 878 codem
546 813 669 896 Spiritu
693 819 802 880 sancto
826 814 990 900 dirigitur,
1015 817 1070 899 qui
1085 818 1208 882 ratione
1230 821 1432 886 revelationis

247 942 285 986 ac
308 921 523 1006 inspirationis
548 927 659 986 auctor
693 940 720 984 s.
745 922 930 1005 Scripturas
953 923 1120 1006 primarius
1149 927 1263 990 morito
1287 929 1436 1006 babetur,

248 1036 281 1094 et
303 1029 395 1114 proin
428 1029 591 1094 Ecclesiae
621 1030 843 1114 interpretatio
875 1031 921 1096 ita
955 1033 1174 1116 considerata,
1199 1034 1382 1100 authentica
1404 1057 1437 1100 ca

248 1144 312 1216 est,
337 1158 428 1220 quam
453 1137 632 1218 Catholici,
656 1139 710 1202 nbi
733 1140 805 1202 data
827 1137 944 1224 fuerit,
979 1142 1062 1204 omui
1084 1143 1286 1206 veneratione
1309 1163 1349 1207 ac
1371 1144 1436 1226 pie-

248 1252 315 1312 tate
338 1247 569 1331 amplectantur
592 1251 729 1329 oportet.

336 1354 381 1420 Ut
409 1376 484 1420 vero
513 1357 727 1440 gravissimam
760 1356 839 1422 banc
868 1355 1128 1422 llormencuticae
1156 1357 1292 1422 biblicae
1318 1364 1436 1441 partem

246 1469 321 1548 apto
351 1464 469 1527 ordine·
489 1468 521 1526 et
544 1463 645 1527 solida
667 1464 790 1527 ratione
805 1467 1051 1544 pertractemus,
1080 1465 1214 1550 primum
1243 1467 1436 1550 interpreta·
1540 1543 1541 1546 Ἴ

248 1571 367 1635 tionem
400 1591 426 1634 s.
451 1571 637 1656 Scripturas
671 1573 880 1635 authenticam
909 1573 1071 1637 Ecclesiae
1101 1575 1277 1639 catholicae
1312 1597 1437 1659 compe·
1540 1569 1541 1608 ³

247 1683 363 1743 tentem
398 1682 543 1744 csistcrc
574 1679 713 1744 uberiori
747 1679 1014 1746 demonstratione
1043 1683 1260 1762 ostendemus,
1297 1684 1371 1748 dein
1401 1687 1437 1749 de

244 1793 374 1854 ratione
411 1787 503 1872 hujus
543 1787 828 1871 interpretationis,
868 1793 900 1853 et
939 1789 1072 1872 denique
1110 1791 1149 1854 de
1190 1812 1256 1856 usu
1296 1792 1434 1876 ejusdem
1540 1859 1541 1866 ἶ

246 1917 382 1982 agemus.

269 2039 297 2105 ⁶)
318 2046 413 2093 consor
431 2043 458 2108 s.
478 2047 500 2091 1.
519 2049 571 2091 not.
588 2047 611 2092 3.

826 2193 857 2242 Α.

283 2296 372 2354 QUOD
397 2297 617 2346 AUTEENTIGA
645 2297 839 2348 necessus
872 2299 1084 2349 ceraunios!
1110 2301 1403 2350 mmmmm

757 2389 923 2438 [rursm.

351 2529 377 2595 s.
396 2527 448 2585 uu
466 2527 601 2588 tuatcnus
616 2529 684 2588 tulls
700 2531 835 2603 murillo
851 2544 886 2590 cx
901 2531 942 2590 rel
958 2532 1059 2594 ustura
1076 2530 1261 2605 exspectanda
1276 2533 1324 2590 slt

333 2659 584 2742 Expositionem,
614 2662 652 2725 dc
682 2682 742 2743 qua
765 2681 868 2726 sermo
893 2667 960 2742 est,
995 2662 1157 2726 Ecclesiae
1180 2661 1358 2724 catholicae
1381 2660 1433 2724 ad·

241 2765 440 2850 judicandam
472 2787 562 2848 esse,
598 2790 635 2832 ex
665 2770 713 2832 rei
736 2775 847 2834 natura
869 2769 1068 2853 perspicuum
1092 2775 1156 2851 est,
1190 2769 1263 2854 quia
1297 2771 1432 2848 eosdem,

246 2896 326 2960 quos
348 2875 441 2942 Jesus
465 2875 613 2940 Christus
637 2895 787 2941 concessa
810 2877 949 2960 Spiritus
979 2899 1005 2942 s.
1023 2879 1203 2943 assistentia
1226 2877 1348 2962 primos
1371 2877 1431 2939 Ec-

247 2984 361 3048 clesiae
391 3004 466 3048 suae
489 2990 632 3049 rectores
661 3007 698 3049 ac
721 2987 890 3072 magistros
914 3005 984 3051 esse
1006 2987 1123 3066 voluit,
1154 2977 1330 3049 doctrinam
1360 3007 1432 3049 coe·

242 3091 369 3174 lestem,
405 3094 436 3156 in
460 3079 594 3156 statutis
614 3099 644 3158 et
669 3095 854 3158 ceremoniis
878 3095 1022 3178 autiquae
1044 3095 1124 3180 legis
1148 3094 1380 3172 adumbratam,
1415 3114 1432 3155 a

245 3221 303 3264 suo
327 3201 478 3286 magistro
496 3200 579 3264 clare
595 3203 826 3282 annunciatam,
851 3224 942 3285 quam
959 3204 1062 3267 divino
1079 3203 1193 3266 auxilio
1214 3200 1313 3284 adjuti
1328 3201 1430 3265 literis

242 3310 440 3390 mandarunt,
466 3309 559 3372 etiam
585 3331 639 3374 ore
664 3312 879 3392 praedicantes
903 3311 1085 3396 exposuisse
1107 3311 1258 3374 videmus.

331 3419 452 3481 Etenim
488 3417 631 3481 doctrina
661 3419 763 3481 divina
792 3419 924 3500 primum
954 3439 1010 3482 ore
1038 3419 1237 3496 tradebatur,
1270 3418 1359 3497 dein,
1395 3421 1429 3480 ut
1540 3489 1541 3504 χ

242 3527 366 3590 occasio
391 3527 483 3605 tulit,
519 3525 700 3610 quibusdam
736 3527 865 3611 scriptis
889 3528 926 3591 ab
949 3526 1113 3610 Apostolis
1137 3545 1307 3608 corumque
1333 3528 1432 3590 comi·

240 3635 324 3697 tibus
347 3633 582 3714 illustrabatur,
615 3634 904 3714 commendabatur,
940 3635 1181 3717 defendebatur,
1212 3638 1244 3697 et
1267 3635 1305 3696 ad
1329 3635 1430 3698 variar
1540 3635 1541 3640 ’

244 3741 447 3804 ecclesiarum
490 3741 540 3804 vel
574 3741 768 3826 singulorum
810 3742 947 3807 fidelium
983 3743 1179 3808 conditiones
1214 3741 1432 3826 applicabatur

243 3845 407 3935 (§.135).
454 3849 538 3912 llaec
569 3869 644 3912 vero
674 3851 793 3935 scripta
817 3873 853 3916 ex
877 3851 923 3916 rei
947 3856 1059 3916 natura
1080 3856 1112 3917 et
1133 3855 1216 3915 teste
1239 3850 1377 3914 historie
1399 3851 1428 3912 in

241 3958 342 4021 sacris
364 3957 565 4020 conventibus
590 3959 846 4043 praelegebantur
859 3955 901 4047 ¹),
926 3964 968 4040 et,
991 3965 1027 4024 nt
1044 3959 1300 4024 circumstantiae
1315 3963 1428 4042 postu·
1540 4037 1541 4042 ἵ

240 4065 361 4144 labant,
386 4070 440 4128 aut
464 4067 502 4129 ab
519 4067 596 4150 ipsis
620 4068 797 4150 Apostolis,
821 4074 875 4132 ant
891 4070 928 4133 ab
958 4089 1066 4132 corum
1082 4067 1263 4151 discipulis,
1289 4068 1329 4130 ad
1351 4086 1432 4149 qnos

241 4174 278 4237 ab
311 4173 376 4236 illis
407 4173 621 4258 Magisterium
645 4175 805 4239 Ecclesiae
836 4177 1053 4240 transmissum
1085 4180 1150 4253 est,
1184 4173 1429 4258 explicobantur.

239 4280 329 4345 Unde
356 4281 474 4364 duplici
500 4283 621 4346 ratione
643 4275 742 4346 adluit
764 4285 943 4348 authentica
966 4285 1157 4368 scriptorum
1173 4283 1308 4348 istorum
1333 4305 1429 4367 expo-

239 4389 331 4468 sitio,
357 4411 449 4472 quum
478 4397 531 4454 aut
555 4392 700 4455 doctrina
722 4393 850 4475 scriptis
869 4395 1052 4480 consignata
1070 4391 1135 4476 jam
1157 4396 1249 4457 autea
1272 4413 1330 4456 ore
1347 4398 1427 4457 esset

240 4499 365 4580 tradita,
382 4501 524 4584 adeoque
539 4521 556 4563 e
573 4502 698 4583 praevia
710 4503 863 4566 sermonis
878 4501 1157 4566 communicatione
1171 4501 1273 4566 lucem
1291 4507 1427 4583 caperet,

239 4611 293 4669 aut
315 4606 441 4672 obscuri
458 4609 648 4694 scriptorum
664 4609 728 4677 loci
753 4611 956 4695 subsequenti
971 4611 1169 4678 institutione
1186 4613 1275 4676 recte
1293 4627 1427 4694 expone-
