3112 5284
712 611 738 678 s.
755 603 1000 678 absorpturus.

349 776 385 841 si
400 776 504 840 versio
521 775 635 838 biblica
650 773 817 838 secundum
834 793 972 837 normam
989 793 1007 836 a
1024 773 1114 840 nobis
1130 775 1359 864 praescriptam
1374 797 1439 840 era·

257 891 326 950 rata
349 891 414 964 cst,
438 904 504 948 eam
527 884 643 963 solum,
668 887 815 964 qnantum
836 881 928 962 licet,
951 887 1093 948 removet
1110 883 1346 968 obscuritatem,
1367 906 1440 968 quae

256 993 457 1080 apercgrino
474 1012 619 1058 sermone
633 987 865 1075 proficiscitur3
888 1009 955 1054 eam
970 1011 1065 1072 vero,
1089 1011 1169 1074 quae
1192 992 1343 1079 cogitatis
1367 993 1440 1077 ipsis

256 1102 355 1181 inest,
382 1101 505 1197 omnipo
529 1099 687 1183 relinquit.
733 1096 851 1181 Utjarn
864 1099 1015 1183 φιιοιίι,
1038 1118 1118 1182 qnae
1133 1102 1233 1164 textui
1254 1101 1373 1166 biblico
1397 1101 1441 1164 in·

256 1209 380 1290 haeret,
410 1210 586 1274 obscuritas
607 1207 755 1285 tollatur,
779 1205 840 1270 alia
867 1225 978 1271 sensus
995 1209 1169 1292 exponendi
1193 1210 1301 1292 specie
1315 1209 1440 1292 utimur,

256 1337 366 1402 nempe
388 1319 609 1402 paraphrasi,
633 1319 782 1400 quaeest
805 1315 950 1400 uberior,
974 1317 1141 1381 continuae
1167 1322 1271 1380 tamen
1293 1314 1441 1382 orationis

256 1425 390 1490 biblicae
406 1425 548 1492 terminis
564 1426 716 1490 adstricta
732 1445 843 1492 sensns
860 1425 998 1492 elocutio
1015 1427 1054 1490 ad
1069 1426 1266 1514 perspicuam
1283 1423 1354 1508 ejus
1371 1447 1442 1512 cog·

215 1597 220 1605 ,
256 1534 405 1602 citiorem
426 1533 638 1617 adjuvandam.
684 1535 793 1616 ltaque
815 1534 1057 1619 paraphrastae,
1087 1534 1142 1616 qui
1166 1534 1250 1598 sicut
1271 1533 1441 1600 translator

253 1663 418 1727 personam
444 1643 584 1708 auctoris
607 1647 710 1725 tenet,
734 1646 800 1723 est,
831 1641 932 1726 ipsius
957 1661 1050 1706 sensa
1077 1648 1224 1706 accumte
1246 1648 1440 1722 concertata,

253 1752 307 1815 nbi
328 1751 463 1816 obscura
477 1753 609 1832 inerint,
633 1771 702 1815 cum
721 1751 754 1814 in
770 1748 862 1815 linem
882 1749 1105 1833 circumloqui,
1129 1756 1165 1815 ut
1181 1750 1381 1815 auditoribus
1395 1750 1442 1815 uel

252 1860 438 1941 lectoribus,
462 1861 638 1944 inquorum
653 1860 787 1946 gratiam
802 1857 1003 1944 paraphrasis
1019 1856 1072 1939 lit,
1097 1858 1294 1944 clamatque
1314 1861 1439 1944 perspi·

252 1989 311 2034 cua
325 1971 507 2036 reddantur.
552 1971 627 2034 lndc
645 1973 814 2060 sequentes
830 1967 1010 2032 derivantur
1025 1967 1135 2054 leges:

275 2075 316 2165 a)
343 2078 516 2144 Tollantur
539 2079 825 2142 arcunaoaoioae
840 2079 952 2140 omnia
967 2077 1126 2154 obscura,
1149 2077 1218 2140 sive
1232 2097 1270 2142 ex
1286 2077 1440 2140 brevitate

341 2187 512 2266 sermonis,
526 2185 600 2264 sive
617 2205 654 2248 er
670 2184 873 2270 ambiguitate
887 2185 1054 2248 verborum
1072 2189 1104 2250 at
1120 2185 1360 2266 sententiarum,
1376 2186 1440 2250 sive

341 2315 378 2358 ex
399 2299 510 2357 natura
531 2294 595 2373 rei,
619 2294 684 2356 sive
710 2293 831 2356 demum
855 2311 892 2354 cx
918 2289 1104 2356 difficultate
1126 2313 1222 2356 nexus
1244 2296 1441 2376 proveniant.

343 2403 442 2480 Quem
458 2401 490 2464 in
506 2399 597 2464 duem
613 2401 770 2482 interpres
787 2399 1005 2484 expressiones
1021 2419 1116 2484 vagas
1132 2404 1165 2464 et
1183 2401 1441 2466 indeterminatas

341 2507 484 2590 deliniet,
509 2515 541 2574 at
562 2510 708 2576 notiones
728 2509 930 2574 intermedias
954 2509 1136 2592 eloquente
1153 2529 1343 2592 suppressas
1365 2533 1440 2598 sup-

335 2617 447 2702 plebit,
470 2617 648 2682 neccssaria
674 2638 710 2682 ex
736 2617 816 2682 locis
837 2615 997 2700 parallelis
1017 2616 1067 2682 rel
1088 2617 1230 2703 analogia
1252 2624 1308 2684 aut
1336 2641 1374 2684 ex
1389 2642 1441 2684 ar·

339 2725 523 2812 cbaeologia
538 2727 715 2790 inserendo.
752 2724 874 2805 Quodsi
890 2725 1068 2790 obscuritas
1083 2746 1102 2788 a
1116 2727 1246 2810 propria
1261 2727 1440 2814 linguarum

335 2834 520 2899 biblicarum
536 2833 659 2898 dicendi
673 2834 796 2898 ratione
812 2831 1036 2918 proficiscitur,
1059 2831 1273 2898 substituatur
1296 2836 1437 2900 elocutio

339 2942 529 3008 recentioris
545 2943 612 3006 aevi
626 2941 799 3006 lectoribus
825 2941 1059 3006 accommodata
1075 2947 1169 3026 atque
1186 2941 1264 3006 satis
1281 2944 1387 3026 clara3
1413 2946 1440 3008 ιί

335 3053 448 3116 adsunt
460 3050 582 3134 periodi
596 3050 859 3133 complicatiores,
872 3055 904 3114 et
915 3049 988 3114 hinc
1000 3050 1101 3114 minus
1117 3051 1265 3133 liquidae,
1282 3051 1313 3114 in
1327 3053 1436 3138 plures

336 3160 545 3246 simpliciores
569 3159 783 3240 resolvantur,
806 3159 835 3224 si
855 3179 952 3224 nexus
972 3159 1095 3246 logicus
1112 3181 1280 3242 expressus
1296 3183 1361 3226 non
1377 3169 1440 3244 cst,

334 3269 533 3348 restituatur,
549 3268 657 3350 paucis
674 3267 791 3350 omnia,
809 3287 888 3350 quae
903 3267 974 3332 luce
988 3265 1147 3352 indigent,
1163 3267 1377 3334 illustrentur.

268 3375 307 3462 b)
331 3378 476 3441 Nonnisi
490 3378 634 3440 obscara
648 3379 811 3444 tollantur.
858 3377 967 3457 ltaque
983 3375 1045 3438 sibi
1068 3380 1176 3441 mveat
1201 3378 1439 3460 paraphrastes,

338 3506 376 3548 ne
392 3485 486 3547 addai
501 3505 595 3566 nova,
621 3483 670 3546 vel
692 3483 784 3566 plane
800 3503 819 3544 a
834 3482 988 3548 sententia
1004 3483 1145 3547 auctoris
1161 3482 1281 3566 aliena,
1298 3491 1361 3549 'aut
1388 3492 1440 3549 ta-

336 3591 395 3673 lia,
420 3613 499 3676 quae
515 3594 553 3655 ad
571 3612 640 3655 eum
653 3589 887 3676 intelligendum
903 3589 980 3654 nihil
997 3589 1177 3672 conferant,
1201 3613 1304 3676 neque
1328 3613 1387 3676 per
1404 3614 1440 3657 se

336 3700 419 3762 clara
439 3699 655 3779 illustrentur,
684 3699 733 3764 vel
760 3697 884 3764 omnino
908 3697 1030 3780 prolixa
1053 3698 1334 3768 circumlocutione
1358 3723 1439 3765 one·

334 3812 464 3888 rantur,
487 3810 543 3871 sed
558 3811 679 3872 tantum
695 3828 774 3892 quae
789 3809 896 3871 insunt
918 3806 1053 3872 orationi
1068 3808 1204 3872 biblicae
1221 3809 1374 3890 obscura,
1406 3817 1439 3874 et

335 3915 556 3980 dilucidatione
578 3917 734 4003 indlgent,
757 3916 878 4000 planius
902 3917 1124 3996 producantur.

332 4022 502 4088 'tironibus
519 4026 578 4089 boc
592 4023 864 4108 interpretationis
881 4023 1063 4086 exercitium
1079 4045 1154 4108 prae
1170 4025 1336 4108 versione,
1353 4048 1438 4109 quae

244 4130 405 4198 difficilior
421 4138 486 4213 est,
511 4135 775 4214 commendamus,
800 4137 832 4196 et
848 4119 880 4196 si
897 4137 1042 4213 vertunt,
1066 4133 1303 4216 paraphrastica
1327 4137 1438 4218 potius

243 4241 365 4308 ratione
382 4241 414 4309 id
429 4241 561 4323 iaciant,
585 4263 676 4324 quam
692 4242 787 4306 nimia
810 4242 895 4306 circa
909 4241 1039 4306 formam
1056 4246 1088 4306 ct
1115 4241 1329 4310 elocutionem
1346 4266 1435 4324 cura,

243 4351 407 4418 darmmodo
432 4350 577 4415 notiones
593 4352 733 4418 auctoris
757 4350 979 4434 exprimantur.

332 4460 401 4537 Quo
429 4459 512 4522 dicta
538 4459 653 4523 clarius
675 4459 923 4542 perspiciantur,
948 4457 978 4520 in
1007 4461 1083 4520 nota
1110 4457 1255 4540 subjecta
1282 4461 1433 4526 meliores

243 4567 406 4652 utriusque
422 4567 616 4635 Testamenti
640 4565 908 4650 interpretationis
932 4565 1188 4649 paraphrasticee
1205 4575 1355 4636 auctores
1370 4591 1433 4635 no·
