3092 5286
248 459 322 532 168

241 634 331 700 coelo
357 633 507 720 degentes
533 633 716 698 ferventiori
743 631 848 696 indole
870 651 907 696 ae
932 633 1083 696 vivaciori
1098 633 1321 718 imaginatione
1338 653 1423 716 prae-

239 745 338 823 ditos,
369 764 459 826 quam
487 762 563 822 uos,
601 741 752 806 delectari
778 741 1079 826 comparationibus,
1114 741 1371 806 similitudinibus
1397 748 1424 806 et

239 852 431 934 metaphoris
453 873 515 916 non
538 855 657 916 tanturn
678 850 960 933 frequentioribus,
985 851 1040 914 sed
1056 855 1089 914 ct
1104 851 1160 931 iis,
1185 871 1265 934 quae
1281 855 1423 915 anostra

239 960 394 1025 sentiendi
427 959 550 1024 ratione
581 959 657 1023 satis
689 959 898 1042 abhorreant,
928 959 993 1042 jam
1025 959 1199 1022 monuimus
1231 958 1288 1046 (S.
1323 958 1422 1046 108)Ι

237 1072 438 1151 Quapropter
445 1089 513 1131 cum
525 1068 564 1132 ob
573 1067 761 1154 singularem
777 1067 912 1150 plurium
929 1065 1081 1149 ejusmodi
1091 1067 1257 1152 imaginum
1270 1067 1424 1131 rationem
1520 1071 1521 1088 ¹

236 1195 331 1260 saepe
358 1175 486 1240 difficile
518 1177 576 1252 sit,
599 1195 652 1238 res
679 1197 715 1240 ac
744 1177 935 1256 sententias,
960 1197 1038 1260 quae
1066 1178 1124 1240 sub
1152 1177 1192 1241 iis
1215 1177 1335 1258 latent,
1362 1173 1424 1238 sine

237 1290 405 1371 augmento
422 1285 472 1346 vel
489 1283 691 1347 diminutione
707 1285 751 1347 ita
768 1291 931 1364 eruere,ut
943 1307 962 1349 a
976 1285 1176 1368 loquentibus
1192 1284 1424 1368 spectabantur,

239 1393 272 1456 in
289 1412 383 1455 seusu
399 1391 565 1477 imaginum
582 1391 770 1474 explorando
786 1392 916 1456 maximo
933 1394 1193 1476 circumspectum
1210 1413 1281 1456 esse
1299 1397 1426 1476 oportet

235 1502 457 1584 interpretem,
481 1506 517 1563 ut
533 1501 635 1564 omnia
650 1499 792 1586 imaginis
809 1507 965 1568 momenta
985 1523 1046 1566 uon
1062 1523 1100 1566 ex
1121 1507 1232 1566 nostro
1266 1501 1424 1566 sentiendi

234 1611 344 1689 modo,
369 1611 423 1674 scd
440 1609 606 1674 secundum
623 1629 747 1673 sensum
764 1609 969 1674 Orientalium
990 1611 1103 1676 aetatis
1118 1611 1252 1675 biblicae
1268 1611 1424 1696 intelligat

236 1722 330 1801 atquc
354 1723 497 1800 exponat.

323 1825 366 1889 Ut
388 1833 509 1909 autem,
545 1847 623 1909 quae
655 1827 691 1890 ad
728 1825 807 1889 hanc
843 1847 908 1890 rem
932 1831 1091 1910 spectant,
1122 1827 1228 1890 debito
1253 1828 1367 1891 ordine
1390 1849 1423 1890 ac

236 1934 397 2019 diligentia
419 1940 608 2014 tractemus,
639 1933 772 2016 primum
796 1936 946 2016 quaedam
968 1935 1142 2020 generatim
1167 1936 1205 1998 de
1236 1935 1423 2020 imaginibus

236 2044 482 2128 praecipiemus3
512 2043 584 2107 dein
616 2043 739 2107 diversa
762 2042 900 2126 ipsarum
923 2065 1041 2131 genera
1065 2044 1348 2110 considerabimus.

324 2151 457 2216 Nomine
491 2155 673 2234 imaginum
717 2151 921 2234 intelligimus
957 2171 1064 2216 omnes
1097 2149 1216 2238 figuras
1252 2154 1422 2233 sermonis,

232 2261 345 2344 quibus
377 2262 525 2344 quaedam
550 2261 701 2346 cogitatio
725 2261 887 2344 paraliam
911 2261 1042 2327 similem
1063 2262 1112 2325 vel
1142 2265 1324 2346 cognatam,
1363 2264 1418 2326 sed

232 2369 420 2432 vivaciorem
458 2372 724 2450 repraesentatur.
776 2368 865 2434 Unde
903 2374 1006 2454 patet,
1041 2370 1208 2454 interpreti
1242 2389 1350 2434 earum
1384 2372 1420 2433 ad

234 2478 297 2541 tria
320 2482 476 2541 momenta
499 2496 569 2542 esse
592 2480 828 2542 attendendum:

324 2588 354 2650 1.
378 2585 428 2648 Ad
454 2607 536 2666 rem,
561 2606 639 2667 quae
663 2586 702 2650 ob
726 2587 859 2669 aliquam
875 2587 1108 2652 similitudinem
1130 2587 1181 2652 vel
1197 2589 1419 2652 connexionem

234 2694 273 2757 ad
297 2693 387 2758 aliam
410 2715 476 2758 rem
499 2694 719 2779 designandam
742 2696 774 2758 in
797 2695 943 2760 auxilium
966 2700 1077 2759 vocata
1100 2701 1167 2775 cst,

323 2807 355 2868 2.
380 2806 525 2887 adrem,
550 2825 629 2886 quae
652 2806 715 2868 ista
737 2806 871 2890 imagine
895 2805 1093 2890 designatum
1223 2840 1225 2844 ·

322 2917 354 2980 3.
380 2915 418 2977 ad
452 2915 601 2994 tertium,
648 2915 731 2995 qood
772 2918 907 2992 vocant,
950 2913 1212 2996 comparationis,
1268 2913 1307 2976 ab
1352 2915 1420 2979 aliis

232 3019 325 3084 ctiam
348 3019 578 3085 tundamentum
604 3020 820 3094 translationis
850 3019 985 3101 dictum,
1018 3041 1074 3084 seu
1104 3023 1143 3085 ad
1172 3020 1250 3085 illud
1279 3043 1419 3086 momen-

230 3135 315 3207 tum,
358 3130 389 3193 io
424 3151 486 3212 quo
520 3130 653 3211 loquens
687 3129 932 3194 convenientiam
965 3129 1096 3194 alterius
1130 3129 1180 3193 rei
1214 3150 1285 3194 cum
1321 3132 1419 3194 altera

232 3237 386 3319 reposuit.

320 3346 401 3424 Quia
427 3367 502 3410 vcro
532 3346 724 3425 Orientales,
760 3351 795 3410 ut
825 3347 975 3428 diximus,
1009 3347 1212 3411 ferventioris
1238 3347 1359 3432 ingenii
1389 3352 1418 3411 et

228 3453 395 3517 vivacioris
425 3455 656 3542 imaginationis
680 3460 773 3538 atquc
802 3455 882 3519 alius
907 3456 1062 3520 sentiendi
1084 3455 1216 3520 rationis
1240 3461 1332 3539 sunt,
1358 3477 1415 3518 usu

230 3561 396 3646 imaginum
420 3585 438 3626 a
461 3564 551 3628 nobis
575 3564 705 3628 maxime
728 3564 885 3628 differunt.
923 3565 1021 3644 Quam
1046 3564 1173 3628 obrem

323 3671 365 3753 a)
385 3674 628 3755 frequentiores
662 3677 735 3736 suut
769 3674 919 3760 imagines
953 3674 985 3737 in
1017 3674 1128 3737 llibliis
1159 3679 1192 3738 et
1213 3675 1281 3738 iere
1305 3674 1416 3757 ubique

229 3778 354 3857 obviae,
378 3780 563 3861 praesertim
587 3782 619 3843 in
642 3782 732 3847 libris
757 3783 891 3865 politicis
922 3787 954 3846 et
985 3784 1018 3846 in
1041 3779 1261 3869 prophetis1).

318 3889 357 3971 h)
381 3888 607 3974 Nonnunquam
622 3897 694 3953 sunt
710 3894 939 3971 recursantes,
967 3891 999 3955 id
1022 3899 1071 3956 cst
1083 3891 1173 3974 justo
1188 3893 1261 3976 plus
1278 3911 1338 3974 pro
1360 3914 1415 3955 no·

227 4001 295 4060 stro
311 4002 407 4083 gustu
423 3998 563 4061 minutiis
580 3999 757 4079 distinctae,
775 4004 807 4064 et
825 4000 1089 4084 descriptionibus
1107 4006 1138 4064 et
1154 3999 1322 4083 adjunctis,
1336 4021 1412 4086 quae
1520 4023 1521 4050 ι

229 4105 318 4170 nobis
334 4105 493 4192 superflua
508 4107 669 4187 videntur,
687 4115 834 4173 oneratae
850 4107 893 4195 ³).

316 4216 353 4298 c)
378 4215 573 4299 Frequenter
595 4221 667 4281 suut
683 4219 902 4300 audaciores,
929 4220 1000 4282 dum
1011 4218 1101 4301 justo
1127 4217 1216 4301 plura
1230 4217 1281 4280 vel
1296 4216 1413 4300 majora

227 4323 407 4388 exhibentes
423 4323 506 4387 ultra
523 4323 735 4388 similitudinis
760 4327 912 4391 rationem
929 4328 1007 4391 adeo
1030 4329 1272 4412 exaggerantur,
1297 4331 1410 4388 utrem

225 4433 520 4515 repraesentandam
541 4434 691 4496 excedant
708 4428 751 4520 ⁸).

314 4542 358 4624 d)
381 4541 521 4626 Denique
538 4542 663 4624 saepius
679 4543 723 4606 ita
739 4546 936 4627 comparatae
960 4546 1056 4620 sunt,
1071 4547 1110 4606 ut
1130 4543 1295 4608 sordidae
1311 4544 1343 4604 et
1359 4543 1408 4604 io·

225 4655 348 4734 dipocc
364 4652 537 4731 videantur,
554 4651 581 4714 si
599 4673 650 4716 eas
667 4654 706 4718 ad
723 4657 850 4718 nostros
867 4673 972 4718 mores
988 4651 1137 4717 retuleris
1153 4639 1197 4740 ⁴).
