3092 5286
257 366 331 440 tau

249 545 347 610 rimus
370 544 412 626 a)
435 542 695 624 paralleliamum
716 537 880 622 poblicum
895 543 927 605 et
955 541 995 624 b)
1011 544 1183 626 imnpines,
1208 564 1271 628 qno
1295 552 1433 628 spectant

247 653 500 730 similitudines,
529 651 740 731 metaphorae
756 659 787 712 et
800 651 997 734 nlleporine,
1021 651 1180 730 chionen,
1204 655 1434 735 parobolueet

243 761 392 846 subulae,
418 763 511 840 atque
525 778 672 841 mamae.
697 757 818 836 Quibus
842 759 879 842 c)
896 758 1075 822 necessaria
1098 757 1321 845 subjungemus
1345 781 1434 845 prae-

250 875 342 954 cepta
364 873 406 934 de
423 868 761 944 accomodationibas,
786 866 958 952 etquidem
981 871 1047 930 tum
1070 867 1193 932 ratione
1217 867 1295 952 ejus,
1321 890 1435 954 quaen

247 979 477 1044 recentioribus
495 998 520 1040 s.
539 977 724 1058 scripturae
741 995 905 1058 perperam
934 976 1124 1056 obtruditur,
1148 982 1213 1040 tum
1229 979 1353 1044 ratione
1370 980 1435 1042 illa-

247 1108 335 1168 rnm,
360 1107 437 1172 quas
453 1086 618 1150 admittere
634 1085 682 1148 sas
703 1089 762 1148 est.

336 1199 473 1276 Quarum
507 1194 630 1257 dicendi
661 1193 816 1256 rationum
850 1191 958 1274 plures
991 1192 1116 1256 brevius
1150 1198 1288 1256 tractare
1318 1194 1433 1278 licebit,

246 1303 319 1387 qnia
344 1303 507 1366 methodus
536 1301 566 1363 in
594 1299 672 1383 ipsis
698 1301 888 1383 explicandis
916 1299 1108 1364 observanda
1136 1301 1357 1365 erbetoricae
1384 1324 1432 1366 re·

244 1411 328 1498 gulis
351 1413 479 1494 ponitur
501 1416 584 1474 nota.
623 1408 713 1472 Unde
740 1431 776 1472 ea
800 1411 900 1474 solum
926 1409 1033 1492 paucis
1050 1409 1271 1493 perstrinxisse
1287 1407 1432 1493 sufficiat,

244 1539 323 1604 qnae
341 1539 399 1601 pro
412 1525 500 1582 reeta
512 1518 685 1582 bibliorum
698 1518 960 1600 interpretatione
977 1518 1158 1582 necessaria
1170 1519 1327 1582 videntur.
1353 1520 1433 1583 Sub-

244 1628 325 1692 sidin
341 1648 466 1713 qnoque
484 1627 625 1690 literaria
643 1628 858 1710 utplurimum
874 1627 1000 1710 praevie
1016 1633 1091 1690 nota
1114 1628 1327 1709 postulantur.

813 1859 821 1876 .
839 1821 889 1882 11⁰.

622 1935 651 2001 a)
671 1929 714 1985 lle
731 1825 924 2004 pardilelirmo
941 1933 1057 2005 poetico.

331 2063 423 2126 Licet
439 2060 523 2124 sacri
539 2065 653 2142 politae
680 2059 806 2144 rythmo
824 2059 936 2124 stricte
951 2060 1008 2124 tali
1032 2067 1175 2142 careant,
1197 2063 1313 2126 dudum
1330 2069 1430 2128 tamcu

241 2171 271 2233 in
295 2171 335 2233 iis
358 2170 543 2232 observatus
566 2168 628 2230 luit
650 2169 773 2249 qnidam
797 2167 1028 2250 parallelismus
1045 2170 1274 2250 membrorum,
1296 2172 1330 2234 vi
1346 2171 1431 2255 cujas

242 2281 303 2342 duo
328 2279 378 2341 vel
402 2277 493 2360 plura
515 2282 669 2340 commata
691 2295 780 2339 unam
799 2279 987 2361 eandemque
1011 2279 1236 2363 cogitationem
1253 2280 1430 2361 primariam

241 2409 278 2452 ex
303 2386 436 2450 diversis
462 2383 605 2466 partibus
634 2389 665 2448 et
692 2405 750 2468 pro
779 2385 873 2448 variis
902 2386 1133 2450 conditionibus
1154 2389 1333 2470 spectantia
1361 2414 1427 2455 cum

241 2499 370 2579 quadarn
387 2493 595 2558 membrorum
623 2495 816 2558 dimensione
845 2495 890 2558 ita
916 2495 1163 2582 conjunguntur,
1191 2503 1228 2562 nt
1254 2505 1430 2567 sentcntiae

240 2605 423 2686 sententiis,
439 2604 534 2667 verba
551 2603 656 2668 verbis
672 2606 896 2686 respondeant.
934 2606 1021 2668 Haec
1042 2626 1118 2670 vero
1135 2606 1210 2690 styli
1229 2607 1341 2672 biblici
1358 2633 1430 2694 pro-

238 2717 357 2799 prietas
373 2716 403 2778 in
417 2716 494 2778 duas
511 2713 634 2796 species
645 2715 789 2794 ffiseedit,
801 2717 1018 2798 syutbeticcm
1028 2735 1139 2798 nempe
1151 2721 1184 2778 et
1196 2720 1430 2801 catillaminum,
1523 2811 1524 2822 ἵ

238 2829 310 2890 dum
333 2824 484 2910 cogitatio
507 2823 655 2907 primaria
677 2841 747 2886 sese
777 2823 893 2887 exserit
908 2823 959 2887 vel
976 2822 1121 2886 membris
1138 2827 1279 2889 eandem
1294 2847 1368 2892 rem
1384 2830 1429 2892 di·
1523 2827 1524 2854 ³

237 2955 331 2998 verso
347 2934 440 2997 modo
458 2931 673 3016 spectantibus
690 2937 722 2995 et
737 2931 939 3010 variantibus,
952 2931 1002 2996 vel
1014 2931 1160 2996 membris
1178 2934 1336 3001 derebus
1353 2957 1430 3002 con·

236 3047 355 3108 trariis
369 3040 530 3106 contraria
544 3039 815 3124 praedicantibus,
839 3039 884 3102 ita
905 3045 941 3103 nt
966 3039 1066 3124 priori
1078 3041 1109 3101 in
1128 3060 1202 3104 casu
1218 3041 1360 3107 membra
1377 3067 1429 3108 co·

237 3151 430 3229 ordinentur,
453 3151 485 3212 in
501 3149 672 3232 posteriori
689 3148 750 3212 sibi
766 3152 965 3230 opponantur
981 3144 1023 3235 ¹).
1105 3223 1110 3231 .

326 3259 477 3322 Rationes
509 3278 585 3322 vero
609 3257 814 3339 praecipuae,
844 3260 923 3322 quae
947 3257 1031 3319 inter
1054 3257 1177 3342 singula
1207 3260 1347 3324 membra
1375 3281 1428 3344 pa·

236 3367 346 3430 rallela
371 3365 436 3427 sire
461 3365 641 3429 coordinata
666 3365 732 3426 sive
761 3361 907 3445 opposita
933 3363 1148 3449 intercedunt,
1176 3363 1428 3451 insequentibus

237 3475 428 3538 consistunt:

328 3587 358 3646 l.
382 3581 472 3659 Quod
494 3579 525 3641 iu
548 3601 609 3642 uno
632 3579 770 3642 membro
797 3578 1030 3661 universaliter,
1060 3581 1091 3643 in
1119 3581 1219 3646 altero
1242 3583 1428 3666 specialiter

236 3691 415 3752 enuntiatur
430 3685 472 3772 ²).
512 3689 671 3750 latendum
697 3693 800 3750 tamen
828 3686 974 3771 specialis
1000 3689 1088 3752 notio
1113 3690 1145 3754 in
1166 3689 1318 3754 ambobus
1340 3695 1428 3756 adest

236 3799 394 3878 membris,
412 3818 448 3860 ex
465 3796 577 3880 quibus
594 3796 778 3860 universalis
796 3797 884 3860 notio
902 3798 1040 3862 eruenda
1056 3802 1105 3861 est
1120 3796 1162 3887 ³).

325 3911 358 3971 2.
375 3906 408 3967 ln
420 3907 520 3968 altero
532 3905 670 3967 membro
684 3906 811 3988 ponitur
820 3906 1023 3986 abstractum,
1034 3907 1065 3970 in
1078 3908 1178 3971 altero
1191 3914 1375 3972 concretum
1385 3909 1425 3995 t).

327 4016 358 4078 3.
382 4015 417 4075 ln
448 4013 547 4076 altero
579 4013 717 4076 membro
749 4032 802 4076 res
834 4012 1026 4097 subjective,
1070 4015 1101 4078 in
1133 4013 1234 4079 altero
1268 4017 1425 4100 objectiva

238 4123 421 4207 exprimitur
433 4120 475 4206 ⁵).

325 4235 357 4296 b.
383 4233 418 4293 ln
434 4230 534 4293 altero
551 4231 690 4294 membro
707 4231 935 4312 quodammodo
953 4252 1047 4295 eausa
1063 4232 1194 4297 alterius
1207 4234 1375 4316 exponitur
1384 4227 1423 4320 ⁸).

323 4342 355 4406 5.
380 4341 471 4418 Quod
487 4339 519 4401 in
535 4339 636 4403 altero
653 4339 791 4403 membro
809 4340 1010 4422 simpliciter,
1035 4341 1065 4404 in
1091 4341 1191 4406 altero
1215 4363 1274 4426 per
1290 4341 1423 4406 circum-

231 4450 419 4514 locutionem
441 4447 572 4527 dieitur,
596 4449 645 4510 vel
671 4449 701 4512 in
718 4447 819 4512 alteru
842 4449 981 4514 membro
999 4451 1089 4514 adest
1105 4450 1248 4534 tropica,
1271 4450 1304 4514 in
1320 4451 1418 4514 altero

230 4560 358 4642 propria
374 4556 469 4620 riictio
485 4551 526 4640 ⁷).
