3190 5290
1265 423 1387 497 33.

200 603 361 653 Graecorum
379 607 406 650 st
423 603 572 650 latinorum
591 601 616 648 io
635 600 725 660 piures
745 599 853 659 danaes,
874 611 937 660 quas
957 584 1149 661 conjugationes
1166 613 1317 663 nuncupare

201 679 381 742 Grammaticis
400 694 508 753 placuit,
534 692 646 750 abeunt,
674 694 765 737 contra
784 690 898 737 Semitas
917 691 1002 738 omnis
1019 691 1100 739 rerba
1118 692 1248 752 regularia
1266 707 1318 740 una

201 787 340 843 eademque
359 783 460 830 ratione
480 782 620 841 inflectunt,
640 784 667 828 et
684 782 750 826 itanc
769 793 869 840 quoque
888 781 1020 828 tlsxionern
1036 783 1110 841 juxta
1125 783 1244 831 diversos
1260 797 1317 830 mo·

200 877 249 923 dos
269 887 299 922 ac
317 879 449 934 tempora,
470 885 534 932 qnae
553 872 589 918 illi
607 875 729 918 accurate
747 870 920 930 distinguunt,
939 871 1111 932 negligentius
1130 877 1252 922 tractant.

257 967 365 1013 Ratione
383 964 499 1020 nominis
517 963 674 1023 praecipuae
694 961 853 1009 differentiae
873 963 1075 1022 grammaticales
1094 963 1127 1010 sd
1144 977 1243 1026 genna,
1269 978 1319 1012 nu·

202 1068 300 1103 merum
320 1059 346 1102 et
364 1065 443 1102 casus
462 1053 621 1115 referuntur.
659 1053 748 1110 Quoad
773 1064 852 1111 genus
872 1053 994 1112 quaedam
1012 1053 1129 1112 linguae,
1158 1053 1198 1101 uti
1216 1067 1318 1117 praeca,

201 1147 283 1192 latino
300 1150 327 1192 ei
345 1145 490 1205 germanica
506 1147 612 1204 praeter
629 1141 793 1190 masculinum
812 1154 842 1188 ac
860 1143 1010 1190 temlniuum
1026 1137 1103 1190 etiam
1118 1145 1203 1190 neutri
1217 1146 1320 1204 specis·

202 1236 242 1284 les
261 1236 361 1282 termas
380 1233 542 1293 attribuunt,
566 1237 658 1280 contra
676 1233 751 1292 alias,
770 1233 808 1278 uti
827 1233 959 1280 samiticae
978 1236 1004 1280 et
1022 1234 1143 1292 quaedam
1160 1237 1321 1284 recentiores

203 1326 271 1374 tales
290 1326 387 1372 iormas
407 1337 458 1370 nou
475 1323 583 1383 hahent,
609 1323 717 1370 malaica
742 1324 821 1370 omnis
841 1325 945 1382 pencris
965 1325 1121 1372 discriminis
1140 1327 1241 1374 ridetur
1260 1339 1325 1378 esse

204 1417 307 1476 ignara.
338 1415 463 1460 Numeros
482 1415 621 1474 pleraeque
640 1414 740 1472 linguae
759 1414 824 1460 duos
843 1414 945 1474 habent,
966 1416 1120 1474 singularem
1140 1419 1166 1462 et
1183 1416 1320 1476 pluralem,

204 1506 296 1567 quibus
322 1505 400 1563 aliae,
429 1505 468 1551 uti
494 1516 589 1563 graeca
615 1507 641 1550 ct
668 1504 800 1550 semiticae
825 1505 921 1550 iormas
947 1503 1074 1563 speciales
1099 1507 1181 1552 dualis
1204 1507 1321 1566 addunt3

206 1601 298 1643 contra
326 1596 433 1642 malalee
460 1595 562 1642 nonnisi
589 1595 746 1653 singularem
772 1593 884 1652 hahens,
914 1595 1040 1654 pluralem
1060 1595 1167 1641 nominis
1187 1595 1323 1655 singularis

206 1687 358 1744 repetitione
377 1689 536 1744 compensat.
573 1685 688 1745 Denique
715 1696 790 1730 casus
817 1685 884 1743 qnod
903 1688 1013 1747 attinet,
1042 1685 1100 1733 allis
1126 1687 1235 1747 plures,
1264 1687 1322 1733 aliis

206 1778 345 1839 pauciores
364 1779 438 1836 sunt3
465 1775 591 1834 Semitas,
615 1777 638 1822 sl
655 1775 754 1822 Manes
774 1775 903 1834 excipias,
928 1776 996 1821 tales
1021 1787 1076 1822 cum
1096 1777 1211 1836 propriis
1231 1777 1321 1826 termi-

205 1869 352 1918 nationibus
371 1879 482 1926 prorsua
502 1879 553 1912 non
571 1865 676 1912 habent.

157 1955 185 2026 ⁹)
206 1962 261 2008 lloc
280 1958 321 2020 iit,
341 1970 398 2004 cum
416 1957 519 2016 linguae
537 1957 659 2016 quaedam
676 1956 750 2002 modo
767 1955 799 2002 ab
815 1955 872 2002 aliis
889 1955 1029 2003 recedente
1046 1957 1126 2002 certis
1143 1957 1324 2016 grammaticae

205 2051 298 2096 turmis
317 2051 439 2101 utuntur,
464 2059 487 2092 e.
504 2059 530 2104 g.
551 2058 608 2092 cum
625 2057 720 2104 graeca
738 2045 779 2092 vel
799 2059 889 2092 nomen
913 2045 1047 2104 proprium
1070 2058 1126 2092 cum
1145 2047 1254 2094 articulo
1278 2047 1324 2094 de·

206 2139 278 2187 finito
305 2138 448 2196 construit,
470 2137 537 2197 quod
557 2137 584 2182 iu
604 2137 660 2182 aliia
681 2133 737 2181 lieri
757 2149 809 2182 non
830 2137 916 2194 solet,
944 2147 1025 2194 porro
1050 2148 1106 2206 cum
1131 2137 1196 2183 alise
1223 2138 1323 2192 iormis,

206 2229 297 2290 quibua
317 2231 421 2280 carent,
442 2229 505 2273 alias
525 2225 697 2286 substituunt,
717 2226 770 2282 vel,
792 2239 942 2285 quocunque
960 2227 1034 2272 modo
1054 2226 1131 2285 licet,
1152 2237 1197 2272 eas
1212 2227 1324 2272 circum·

205 2318 338 2372 scribunt.
368 2332 391 2366 a.
410 2331 435 2378 g.
457 2329 512 2364 oum
529 2318 662 2364 semiticae
682 2315 857 2364 deficientibus
885 2317 1079 2376 pronominibus
1106 2317 1233 2364 reilexivis
1259 2329 1327 2376 pros

205 2421 254 2470 eqo
273 2423 315 2455 mc
335 2411 428 2469 laedo,
456 2410 559 2455 dicunt:
592 2422 638 2468 epo
659 2409 737 2455 luecio
758 2408 875 2455 unimam
893 2419 997 2464 meum
1028 2409 1135 2467 deniquo
1162 2421 1218 2456 cunt
1236 2421 1252 2454 a
1270 2408 1328 2466 qut-

208 2497 316 2544 busdam
336 2499 453 2544 diversus
472 2499 673 2544 constructionis
687 2499 755 2556 ordo
772 2501 909 2556 servatur,
928 2499 966 2543 uti
982 2509 1039 2543 cum
1055 2497 1180 2544 articulus
1197 2496 1327 2555 delinitus,

209 2587 254 2647 qui
281 2600 296 2633 a
322 2588 454 2646 plerisque
473 2587 547 2647 voci,
573 2587 606 2632 ad
633 2599 705 2647 qnam
730 2589 856 2647 pertinet,
884 2588 1069 2647 praeponitur,
1096 2586 1127 2633 ab
1146 2563 1276 2635 Aramaeis
1302 2591 1329 2634 et

211 2676 379 2724 Scandinavis
398 2679 575 2736 postponitur.

266 2767 403 2815 (iacturum
423 2769 465 2827 qui
486 2769 518 2814 de
539 2768 625 2814 indole
642 2768 785 2826 linguarum
805 2768 946 2825 generatim
973 2767 1136 2816 considerata
1160 2769 1235 2829 plura
1262 2768 1330 2816 scire

212 2859 298 2918 cupit,
317 2858 393 2904 adeat
411 2859 551 2917 praecipue
571 2859 703 2918 sequentia
721 2869 818 2914 operar

268 2949 298 2994 Α.
321 2947 464 3009 Reland,
492 2949 531 2994 De
554 2947 648 3005 linguis
667 2948 808 2994 insularum
834 2948 1000 3006 quarumdam
1029 2949 1192 2996 orientalium
1219 2949 1331 2996 llisacrt.

213 3039 320 3086 Miscell.
339 3039 404 3086 Pars
417 3041 464 3086 111.
482 3039 595 3098 Traiect.
608 3039 685 3085 17118.

268 3129 385 3178 versucia
420 3131 493 3178 einer
527 3129 694 3188 allgemeinen
726 3127 897 3188 Spraclrielrrc
934 3141 983 3176 ron
1018 3129 1043 3177 J.
1072 3127 1180 3177 Savaria
1206 3129 1331 3179 vater.

215 3219 287 3268 llallc
308 3219 386 3266 18⁰1.

270 3308 456 3364 Mithridates,
476 3309 541 3356 oder
567 3308 716 3368 allgemeiue
740 3306 924 3368 Spraclikunda
951 3319 1003 3356 ron
1029 3309 1055 3356 J.
1083 3309 1130 3356 un.
1156 3309 1332 3366 udaiuns.

217 3400 305 3447 Berlin
328 3401 407 3446 1806.

271 3490 407 3552 Principes
426 3492 458 3538 de
478 3490 636 3538 Grammairc
656 3489 786 3549 generale.¹
808 3489 838 3535 Ρ.
857 3489 887 3536 Δ.
908 3489 933 3536 1.
956 3488 1153 3548 sylvestre
1176 3490 1216 3536 (18
1237 3487 1336 3548 Sacy.

217 3581 292 3628 Paris
313 3581 392 3626 1832.

273 3669 360 3718 liciter
386 3671 427 3716 die
443 3671 675 3718 Verschiedenlrsit
700 3671 746 3716 des
770 3670 959 3717 menschlicheu
979 3667 1160 3728 Sprachbanes
1187 3670 1237 3714 und
1262 3669 1338 3714 ihren

219 3762 332 3808 Eintluss
349 3763 395 3808 aui
409 3762 450 3808 die
468 3760 578 3820 gsisttgc
591 3760 788 3819 noentcaalung
805 3761 852 3807 des
864 3760 1194 3819 Meuschengeaclrloohtes,
1204 3771 1262 3804 ¹von
1272 3759 1336 3808 Wil-

221 3853 287 3900 natm
304 3863 355 3898 rou
373 3849 581 3910 llumboldt.
606 3850 692 3898 Berlin
710 3851 787 3896 1838.

277 3941 366 3988 Annali
385 3941 450 3987 delle
471 3939 579 3986 Seianae
598 3939 729 3998 religiose.
751 3939 926 3986 usmaitau.
950 3938 1007 3984 Art.
1026 3940 1046 3984 l.
1067 3938 1101 3984 ii.
1130 3938 1290 3984 ooniareme
1308 3938 1339 3983 di

221 4031 330 4090 Monsig.
351 4031 382 4076 N.
400 4031 568 4076 wiceman
590 4041 669 4086 sopra
688 4029 713 4074 la
731 4029 901 4074 consessione
920 4028 985 4074 delle
1005 4028 1109 4074 sciense
1127 4028 1192 4073 colla
1212 4027 1338 4085 reilgione

223 4119 346 4169 revelata.
374 4120 535 4167 Conterenaa
562 4119 646 4178 prima
665 4131 679 4164 8
698 4118 827 4164 secunda:
856 4117 928 4163 Sullo
957 4118 1043 4163 studio
1071 4119 1244 4176 comparativo
1274 4116 1338 4162 delle

222 4213 317 4272 lingue.
344 4209 503 4258 'lrsduaionc
524 4209 582 4256 daii’
592 4209 694 4269 logicae
713 4209 739 4254 di
758 4207 788 4257 n.
808 4207 930 4254 Musio.

190 4719 271 4762 licrrn.
291 4714 386 4762 biblica.
406 4719 424 4759 l.
