3118 5282
1209 415 1283 488 341

98 587 186 652 tione
202 609 312 654 seusus
328 592 462 674 quaesiti
479 588 653 674 exponendi
669 589 792 654 institui
807 589 918 652 debeat
926 637 936 672 ,
960 593 996 652 ut
1012 586 1154 653 omnibns
1178 609 1286 653 nume-

99 696 145 758 ris
162 697 305 763 absoluta
319 697 487 780 habeatur,
510 700 571 762 hoc
594 698 666 762 loco
688 697 812 761 brevem
838 715 1006 781 exegeseon
1026 697 1189 762 historiam
1213 697 1288 760 sub·

13 793 15 822 ¹
92 802 228 889 jungere
252 809 461 890 opportunum
487 805 715 883 existimamus,
740 825 778 867 ex
800 825 861 888 qua
877 810 1102 890 cognoscetur,
1127 826 1152 870 s.
1177 805 1289 890 Scrip-

97 919 202 975 turam
226 934 280 978 eas
301 914 569 998 interpretationis
591 913 676 978 vices
700 913 845 994 subiisse,
858 917 893 976 ut
909 913 1009 997 ipsius
1026 914 1180 998 expositio
1197 915 1289 978 modo

13 1068 17 1096 ,
96 1027 203 1104 recta,
226 1025 319 1090 modo
345 1024 446 1088 minus
473 1029 576 1103 reeta,
600 1025 693 1087 modo
723 1022 813 1107 plane
840 1041 990 1105 perversa
1010 1023 1125 1102 fuerit,
1148 1023 1289 1109 hancque

13 1159 18 1190 ι
94 1131 341 1196 vicissitudinem
365 1133 437 1197 inde
461 1133 634 1216 profectam
658 1151 747 1213 esse,
771 1131 853 1215 qnod
878 1131 1068 1213 interpretes
1091 1131 1286 1214 disciplinam

13 1253 17 1282 ³
93 1237 143 1301 vel
160 1243 296 1324 rectam,
320 1241 370 1305 vel
386 1262 405 1304 a
420 1245 508 1306 recto
525 1240 653 1305 tramite
669 1240 879 1325 aliquantum,
903 1239 952 1302 vel
968 1239 1059 1322 plane
1083 1239 1213 1304 alienam
1235 1261 1286 1303 se-

13 1335 17 1376 ³¹
95 1348 162 1410 cuti
179 1347 312 1430 fuerint,
337 1354 390 1414 aut
406 1349 584 1435 praeceptis
601 1349 692 1412 bonis
707 1349 778 1432 plus
794 1349 933 1412 minusve
951 1345 1087 1412 firmiter
1101 1348 1286 1412 institerint.

12 1435 18 1560 ζ
94 1458 166 1534 Qua
192 1455 223 1518 in
245 1457 394 1537 historia,
417 1480 457 1522 ne
480 1457 597 1521 limites
622 1457 725 1522 nostri
742 1459 848 1540 operis
865 1457 990 1520 nimium
1018 1457 1208 1542 migremus,
1244 1457 1289 1519 ita

12 1617 18 1650 ,
95 1565 320 1647 procedemus,
343 1571 380 1629 ut
406 1565 645 1649 praecipuorum
668 1570 789 1628 tantum
818 1565 1043 1647 interpretum,
1076 1564 1130 1648 qui
1157 1569 1211 1627 ant
1238 1565 1290 1626 in·

12 1713 14 1742 ι
95 1677 219 1758 tagram
235 1695 262 1737 s.
279 1674 478 1756 Scriptnrem
495 1679 548 1737 aut
564 1679 685 1756 partem
702 1671 798 1756 illius,
817 1673 878 1737 nisi
894 1693 1019 1757 semper
1035 1677 1067 1736 et
1083 1672 1198 1755 ubique
1214 1679 1288 1756 apte

95 1787 127 1845 et
143 1781 230 1846 felici
247 1803 315 1846 cum
331 1803 482 1846 successu
497 1781 620 1846 ratione
636 1802 748 1846 sensns
764 1781 948 1864 explorandi
964 1802 1000 1844 ac
1017 1781 1199 1863 exponendi,
1217 1802 1286 1844 cum

14 1896 19 1926 ¹
93 1888 206 1953 eximia
227 1894 331 1954 tamen
355 1889 543 1954 eruditionis
570 1889 663 1953 laude
685 1887 909 1970 dilucidarunt,
933 1888 1116 1952 methodum
1139 1893 1172 1952 et
1193 1907 1289 1972 opera

97 2019 136 2064 eo
152 1995 216 2062 fine
232 2017 462 2078 recenseamus,
486 2001 521 2062 nt
536 1998 658 2062 tirones
681 1998 867 2081 disciplinae
885 1997 1137 2062 hermeneuticue
1159 2002 1191 2062 et
1214 2018 1289 2062 exe·

91 2127 210 2194 geseos
237 2128 344 2172 eorum
372 2107 486 2193 agendi
514 2107 666 2172 rationem
692 2107 836 2188 videant,
872 2107 1014 2192 exemplo
1047 2105 1288 2188 expositionum,

91 2217 209 2300 quibus
224 2216 455 2296 excelluerunt,
479 2216 601 2280 discant
621 2235 714 2282 unas
735 2215 964 2298 interpretandi
991 2214 1078 2300 leges
1094 2215 1155 2278 rite
1183 2213 1288 2298 appli-

11 2355 17 2390 ι·
93 2345 186 2406 care,
215 2329 310 2409 atque
339 2325 519 2408 erroribus,
543 2345 623 2410 quos
650 2324 682 2388 in
709 2325 836 2390 illorum
863 2324 1012 2410 operibus
1040 2323 1289 2404 observaverint,

11 2456 16 2480 ι’
91 2438 278 2498 manantur
292 2433 450 2517 devitare,
473 2455 533 2520 per
547 2454 628 2518 qnae
643 2455 662 2498 a
682 2439 772 2500 recto
788 2434 916 2500 hasnite
931 2434 1059 2497 abducti
1073 2432 1202 2496 fuerint.

12 2543 14 2553 '
185 2540 333 2606 Ordinem
348 2562 424 2607 vero
440 2543 472 2606 in
486 2546 709 2627 pertractanda
725 2562 893 2628 exegeseos
911 2529 1045 2606 historia
1066 2540 1149 2606 hune
1177 2561 1287 2606 serva·

10 2633 14 2662 ³
92 2651 215 2729 bimus,
238 2655 274 2714 nt
301 2650 390 2733 prins
416 2651 608 2734 interpretes
629 2653 784 2732 ludaeos,
807 2652 879 2718 dein
904 2652 1103 2718 Christianos
1126 2669 1286 2733 ponamus.

10 2821 18 2852 Ι,
91 2762 135 2828 nt
158 2759 232 2846 quia
252 2760 323 2824 inde
346 2779 365 2824 a
391 2761 438 2824 sic
455 2761 540 2826 dicta
554 2760 779 2824 reformatione
796 2761 932 2824 studium
948 2759 1098 2824 biblicum
1113 2759 1290 2843 generatim

11 2909 15 2940 1
91 2889 153 2932 non
180 2867 298 2948 minus,
329 2887 420 2950 quam
448 2867 592 2954 exegesis
617 2867 717 2953 magis
741 2868 773 2930 in
800 2887 919 2930 morem
944 2865 1126 2947 discipliuae
1152 2865 1285 2930 tractari

11 3001 15 3030 ι
92 2975 217 3059 coepit,
247 2981 280 3040 et
306 2997 368 3042 non
395 2975 497 3042 solnm
524 2978 563 3040 ad
580 2975 779 3058 Catholicos,
804 2977 861 3040 sed
888 2974 1043 3040 etiamad
1069 2973 1287 3052 Acatbolicos,

10 3077 17 3120 *²
91 3085 147 3168 qui
169 3086 207 3148 ab
229 3083 294 3147 illis
315 3084 408 3171 longe
437 3085 590 3148 diversum
613 3103 639 3147 s.
663 3085 860 3169 Soriptnmm
881 3083 1110 3165 interpretandi
1132 3082 1286 3146 rationem

10 3177 11 3186 ἵ
91 3193 298 3276 adoptarunt,
329 3195 550 3258 attendendum
576 3198 642 3274 est,
668 3193 752 3258 inter
774 3193 965 3275 interpretes
995 3190 1207 3268 Christianos,
1232 3190 1286 3271 qui

10 3277 15 3402 s
92 3306 166 3364 ante
186 3301 459 3386 reformationem,
489 3306 522 3366 et
545 3322 617 3383 eos,
646 3301 700 3386 qui
720 3306 796 3386 post
818 3299 1076 3366 reformationem
1096 3297 1284 3378 floruerunt,

92 3409 327 3490 discernemus,
350 3409 396 3472 itu
418 3414 455 3473 ut
475 3414 574 3474 totam
595 3410 754 3474 maurium
775 3409 878 3474 trihus
894 3406 1091 3472 absolvamus
1118 3405 1289 3492 capitibus,

94 3521 244 3603 agentes:

162 3625 187 3688 l.
211 3625 250 3690 de
267 3625 463 3710 expositione
478 3627 689 3706 ludaeorum3

146 3733 185 3798 ll.
210 3734 248 3798 de
276 3733 471 3817 expositione
487 3734 736 3800 Christianorum
765 3740 946 3818 atempnre
969 3733 1091 3800 Christi
1119 3751 1219 3814 usque
1247 3733 1287 3794 ad

209 3841 480 3923 reformationem,

130 3949 184 4012 lll.
210 3951 249 4012 de
265 3947 460 4032 expositione
479 3950 730 4016 Christianorum
743 3975 762 4017 a
777 3951 1000 4017 reformatione
1013 3971 1112 4036 usque
1125 3951 1162 4014 ad
1176 3954 1287 4014 nostra

207 4062 360 4141 tempora.

185 4166 219 4229 ln
230 4163 293 4230 fine
302 4167 449 4249 quasdam
463 4167 699 4232 observationes
709 4170 748 4232 de
761 4169 966 4251 interpretum
978 4187 1035 4232 usu
1044 4166 1226 4249 adjiciemus
1234 4163 1284 4248 lt).

121 4347 149 4410 'l
167 4349 258 4411 l’lura,
290 4363 355 4412 quae
387 4353 518 4410 pertinent
545 4353 577 4398 ad
603 4353 735 4398 historiam
769 4363 927 4410 exarmans,
967 4351 1106 4400 exhibent:
1135 4347 1284 4393 Richard

168 4438 294 4498 Simon,
315 4439 432 4486 lltstoire
454 4438 564 4499 critique
584 4439 617 4485 du
634 4439 662 4485 V.
680 4440 711 4486 Τ.
731 4441 804 4486 Paris
827 4441 903 4486 1678.
939 4441 1025 4499 idem,
1046 4437 1158 4484 lllstoirs
1176 4435 1294 4494 critique·

167 4529 200 4574 dn
211 4529 243 4576 N.
254 4527 284 4572 τ.
298 4525 446 4574 Rntterdam
459 4529 538 4576 1689.
550 4531 600 4589 ld.‚
615 4529 731 4577 lllstoire
744 4529 855 4589 critique
865 4532 896 4576 de
907 4533 1057 4590 prinolpaux
1068 4529 1283 4574 commentatsnrs

169 4617 284 4666 dum.
307 4617 400 4676 depuis
426 4619 449 4664 le
467 4622 680 4668 commeneemeut
705 4621 738 4666 du
760 4620 959 4670 christianismo
980 4613 1082 4680 tuaqu'i
1107 4619 1182 4664 noue
1211 4618 1285 4662 tusus·
