3118 5282
1243 435 1319 510 403

210 621 381 668 sostomus
400 621 427 664 et
439 629 461 665 s.
475 617 709 676 Hieronymus.
729 616 807 663 coni.
824 614 851 675 s.
870 615 933 663 232.
950 617 1009 662 not.
1023 615 1049 663 3.
1065 615 1090 677 ς.
1102 616 1164 667 233.
1183 619 1318 666 noti.-

207 710 377 758 liecentlores
397 709 587 756 catholicorum
605 709 713 771 praeter
730 719 791 763 eos,
816 717 880 766 qnos
900 717 989 766 snpra,
1008 709 1068 753 note
1090 705 1128 766 l.)
1147 708 1226 754 duces
1249 721 1320 755 eom·

208 801 399 857 mendavimus,
428 799 568 860 praecipue
596 798 767 845 conferendos
790 797 848 844 vide
874 796 899 856 s.
920 797 984 843 237.
1012 800 1066 844 not.
1093 797 1119 844 l.
1142 800 1169 844 et
1195 799 1221 846 5.
1254 799 1319 846 Pro·

208 893 356 938 testantium
370 891 543 939 recentiorum
561 901 625 950 pree
643 889 753 935 caeteris
773 889 802 934 F.
824 888 896 934 cer.
915 887 1229 950 liusenmiillerum,
1248 890 1318 936 nib.

208 981 478 1043 Schultensium,
498 980 524 1027 J.
546 979 577 1027 G.
596 979 898 1039 lloeenmilllerum,
923 978 1146 1026 Wetstenium
1173 981 1320 1026 nominasse

207 1071 327 1120 sufficiat.
354 1073 430 1120 conl.
450 1069 478 1136 §.
498 1071 562 1118 217.
587 1074 658 1118 nota.
694 1069 792 1130 Quodsi
809 1072 912 1129 tempus
933 1069 1106 1130 suppetierit,
1134 1071 1201 1117 haud
1222 1073 1320 1131 absque

207 1163 317 1210 utilitate
333 1163 453 1210 meliores
475 1163 551 1210 etism
570 1160 716 1208 Rebbinl
735 1161 918 1216 conterentur,
944 1161 989 1220 qui
1012 1160 1045 1206 ob
1064 1161 1249 1208 accuratiorem
1269 1162 1319 1208 lln·

207 1264 273 1312 guse
298 1253 436 1301 hebreicae
462 1255 489 1300 et
517 1252 684 1300 disiecturum
708 1254 876 1310 cognatarum
901 1249 1087 1309 cognitionem,
1117 1261 1268 1310 prosperam
1293 1253 1320 1298 in

209 1356 289 1391 sensu
314 1344 428 1392 eruendo
449 1345 617 1404 sagacitatem
640 1354 671 1389 sc
697 1354 775 1389 sense
797 1341 988 1400 interpretandi
1011 1341 1115 1402 regulas
1144 1341 1319 1404 celebrentur,

208 1433 246 1479 uti
268 1447 292 1480 e.
311 1433 575 1494 3313331333,
594 1433 699 1480 David
717 1431 843 1478 Kimchi
865 1435 891 1478 et
909 1430 1000 1477 Aben
1026 1430 1090 1477 ben
1108 1431 1235 1502 blelech
1263 1445 1320 1478 eum

211 1523 377 1579 christianis,
397 1525 441 1584 qui
458 1538 489 1570 ex
505 1525 537 1570 iis
556 1524 713 1571 hauserunt.
741 1523 816 1570 coni.
843 1523 867 1582 s.
889 1523 952 1568 229.
977 1525 1033 1568 not.
1055 1523 1080 1568 3.
1099 1522 1206 1581 §.aab
1226 1521 1315 1569 nott

205 1613 411 1660 Acetholicorum
437 1613 600 1661 collationem
624 1613 691 1673 quod
715 1614 822 1669 attinet,
849 1612 951 1658 tirones
980 1623 1013 1657 ne
1042 1612 1204 1658 immemores
1230 1625 1320 1658 eornm

207 1705 277 1764 sint,
297 1716 363 1764 qnae
382 1715 463 1763 supra
485 1703 511 1764 s.
530 1704 593 1752 eis.
613 1704 645 1750 de
663 1702 863 1763 protestantium
881 1715 931 1748 usu
952 1701 1106 1748 monuimus.
1130 1703 1202 1760 Quae
1220 1715 1250 1748 ex
1271 1703 1320 1750 ils·

205 1795 262 1842 dem
281 1795 339 1842 iere
354 1795 497 1842 rationibus
514 1793 591 1842 etiam
610 1795 642 1840 de
657 1793 820 1842 conterendis
836 1792 1021 1850 interpretibus
1035 1791 1147 1851 iudeieie
1170 1793 1267 1840 velent.
1285 1817 1319 1828 ·-

114 1894 115 1905 ¹
205 1885 245 1930 Ad
259 1885 390 1944 ingenium
407 1886 547 1932 acuendum
565 1885 631 1932 bene
650 1883 867 1944 comparabuntur
883 1884 960 1930 etism
982 1881 1114 1938 0333333,
1144 1885 1234 1942 utpote
1254 1895 1320 1942 quse

208 1975 241 2022 ad
260 1977 375 2036 singulos
394 1987 487 2024 versus
511 1977 552 2023 vel
568 1977 700 2024 sectiones
717 1975 828 2034 majores
853 1975 998 2020 minoresve
1023 1985 1046 2020 s.
1065 1972 1216 2031 scripturae
1235 1973 1320 2020 varies

207 2063 371 2124 antiquorum
384 2063 613 2124 interpretationes
631 2063 705 2125 quael
724 2062 773 2110 snb
794 2075 844 2110 uno
861 2061 953 2108 obtutu
970 2059 1122 2108 exhibentes
1138 2063 1236 2108 tirones
1250 2063 1320 2109 exei-

204 2157 279 2211 tent,
307 2156 338 2202 ut
364 2154 396 2201 de
419 2165 509 2200 esrum
538 2155 631 2202 merito
653 2153 808 2201 sententiam
837 2153 934 2200 ierant.
961 2151 1038 2199 coni.
1066 2151 1090 2210 S.
1116 2152 1177 2198 23l.
1207 2156 1264 2200 not.
1293 2152 1319 2199 l.

205 2245 232 2305 ς.
252 2245 315 2292 237.
334 2247 391 2292 not.
413 2245 439 2292 h.

159 2327 187 2401 ⁴)
207 2335 245 2382 lix
266 2335 315 2383 hoc
330 2335 432 2395 csplte,
452 2335 476 2382 si
491 2334 665 2396 cognoveris,
684 2334 753 2381 ellos
773 2333 799 2379 in
818 2333 975 2393 explicandis
992 2333 1080 2380 verbis
1101 2335 1128 2380 et
1150 2332 1318 2389 dictionibus,

204 2425 272 2473 silos
288 2426 314 2472 in
328 2425 486 2486 exponendis
499 2424 579 2472 rebus
597 2423 719 2481 biblicis,
740 2424 805 2471 elios
819 2423 846 2469 ln
863 2423 1028 2470 conterendis
1046 2422 1182 2483 subsidiis,
1199 2424 1237 2468 uti
1252 2434 1317 2468 con-

203 2519 294 2576 textu,
313 2516 483 2575 parellellemo
504 2517 546 2562 vel
567 2515 684 2575 analogia
699 2513 777 2574 fidel,
807 2515 871 2562 31133
890 2514 1001 2572 denique
1021 2513 1156 2572 speciatim
1177 2512 1204 2558 in
1226 2513 1315 2571 explo-

203 2607 284 2653 rando
306 2617 338 2652 ac
351 2606 502 2665 exponendo
519 2617 599 2653 sensu
617 2605 754 2652 Ecclesiae
776 2607 804 2650 et
821 2607 969 2651 sanctorum
994 2604 1099 2650 Petrum
1116 2603 1253 2661 excellere,
1271 2615 1317 2648 eos

203 2697 230 2743 in
245 2697 373 2758 ejusmodi
389 2695 548 2756 virtutibus,
569 2709 634 2756 quae
653 2695 788 2754 exhibent,
808 2696 930 2740 consules
949 2698 976 2740 et
995 2694 1130 2752 sequeris,
1150 2694 1213 2738 licet
1230 2693 1315 2738 stalis

205 2787 326 2846 quaeris,
345 2787 400 2833 iore
419 2787 576 2847 interpretes
596 2784 802 2846 imperfectiores
818 2783 908 2830 haberi
925 2783 1052 2840 debeant,
1079 2785 1106 2828 et
1123 2781 1238 2840 exemplo
1256 2795 1315 2830 cese

203 2878 382 2938 nonpossint.
660 2879 661 2882 ’

156 2961 182 3034 ⁶)
201 2970 297 3018 Conler
315 2970 339 3030 s.
358 2969 420 3016 211.

486 3161 513 3229 §.
529 3156 590 3216 233.
606 3156 700 3215 istius
715 3157 805 3230 operis
821 3156 964 3216 conclusio.

220 3323 330 3390 Finem
360 3326 465 3410 operis
491 3327 615 3392 tandem
640 3325 823 3411 assequuti,
852 3344 1029 3408 supremum
1056 3323 1313 3386 Hermeneutieae

126 3455 241 3500 333333
256 3436 457 3519 Principium,
489 3437 572 3521 quod
602 3437 634 3519 S.
659 3437 691 3502 8.
712 3434 889 3515 statuimus,
918 3438 950 3497 et
977 3453 1034 3515 per
1060 3432 1226 3495 decursum
1257 3452 1315 3495 no-

128 3549 214 3606 strae
236 3545 436 3608 tractationis
461 3543 494 3606 in
518 3563 591 3606 3333
606 3549 714 3627 partes
741 3543 906 3605 deductum
930 3541 1057 3604 uberius
1075 3541 1313 3624 explanavimus,

130 3650 238 3735 paneis
254 3653 356 3715 adhuc
371 3653 402 3714 in
418 3652 598 3716 memoriam
624 3651 833 3716 revocandum
861 3650 1082 3728 existimemus,
1109 3668 1170 3731 quo
1196 3649 1315 3712 veritas

127 3759 266 3842 ejusdem
285 3763 317 3822 et
334 3758 528 3842 disciplinae,
545 3779 635 3844 quam
651 3759 716 3842 ipsi
741 3758 999 3842 supertrnximue,
1018 3757 1132 3821 3133133
1150 3756 1317 3820 elucescat.

126 3868 220 3932 Licet
242 3867 321 3931 enim
348 3887 384 3930 ex
400 3865 494 3928 dictis
509 3866 601 3930 facile
624 3867 834 3953 intelligetur,
864 3866 1133 3931 Hermeneuticam
1156 3867 1316 3929 universa-

130 3978 206 4058 lem,
222 3974 312 4059 enjus
328 3979 377 4038 est
391 3978 561 4059 praecepte
576 3975 713 4060 tradere,
730 3996 808 4058 quae
824 3997 882 4060 pro
905 3976 1165 4060 interpretatione
1182 3973 1318 4055 cujusvis

128 4087 281 4150 orationis
297 4085 447 4150 humanae
473 4084 589 4165 velent,
617 4086 709 4150 etiem
737 4088 776 4150 ad
798 4087 1054 4168 interpretandos
1081 4103 1191 4146 sacros
1213 4081 1312 4144 libros

125 4191 327 4257 adhibendam
344 4215 434 4272 esse,
470 4215 532 4258 non
547 4194 649 4258 minus
663 4199 767 4258 tamen
783 4199 902 4258 certum
920 4197 986 4272 esi,
1011 4213 1077 4255 eam
1104 4188 1202 4252 solam
1226 4191 1263 4251 ad
1286 4209 1312 4250 s·

126 4297 321 4380 scripturam
337 4301 535 4385 applicatam,
547 4301 773 4383 imperfectam,
785 4321 924 4363 maneam
940 4322 976 4364 ae
988 4300 1088 4362 minus
1099 4295 1219 4360 firmam
1227 4317 1307 4375 esse,

125 4407 199 4490 quia
221 4400 285 4466 illis
306 4409 428 4471 maximi
450 4407 599 4470 momenti
625 4408 774 4471 subsidiis
804 4407 997 4489 destituitur,
1021 4426 1099 4488 quae
1115 4405 1312 4468 considerata

125 4515 232 4579 divina
248 4511 378 4596 origine,
407 4538 467 4598 qua
493 4515 596 4578 Biblia
621 4520 749 4598 praeter
764 4518 925 4580 humanam
947 4515 1083 4577 indolem
1098 4511 1247 4600 gaudent,
1262 4513 1311 4576 in·

123 4619 258 4706 terpreti
274 4638 364 4683 sacro
381 4628 507 4704 praesto
525 4643 605 4702 esse,
622 4623 719 4686 certis
735 4625 909 4689 rationibus
926 4622 1083 4687 evicimus.

1022 4749 1091 4802 26*
