3118 5282
265 481 342 560 338

267 664 328 728 Pii
343 661 396 725 lV.
428 653 581 722 emanavit
612 647 721 734 regula
746 643 797 706 lV.
830 639 964 716 lndiois,
1004 653 1064 716 qna
1094 651 1256 695 sacrorum
1287 630 1457 695 Bibliornm

264 769 362 838 lectio
379 769 411 832 in
426 766 534 850 lingna
549 755 716 823 vernacula
732 749 930 838 promiscua,
954 743 987 807 id
1003 747 1064 822 est,
1086 741 1233 804 instituta
1248 741 1318 803 sine
1333 739 1459 804 licentia

266 901 284 942 a
307 869 522 960 superioribus
545 861 772 931 ecclesiasticis
795 854 968 942 designatis
991 853 1157 934 impetrata
1185 869 1296 912 severe
1313 850 1461 932 prohibe-

265 993 355 1052 retur
365 979 412 1072 ⁸),
450 980 511 1044 coi
525 975 654 1064 regulae
670 989 751 1034 nova
766 966 898 1032 subinde
913 965 1046 1047 propter
1062 959 1258 1022 continuatas
1281 959 1461 1021 versionum

265 1097 367 1159 minus
389 1093 604 1154 accuratarnm
631 1080 787 1145 editiones
815 1074 854 1138 ab
877 1068 1072 1136 Acatbolicis
1099 1071 1288 1148 procuratas
1319 1067 1462 1128 cautione

268 1209 377 1268 auctae
394 1221 431 1265 ea
448 1201 568 1262 demum
586 1190 775 1256 auctoritate
791 1187 843 1249 lle
854 1179 1013 1245 nedicti
1029 1177 1107 1240 Xlll.
1132 1196 1191 1259 per
1206 1176 1374 1238 decretum
1392 1196 1463 1237 oon-

266 1308 465 1399 gregationis
483 1303 598 1368 indicis
614 1297 738 1380 adjecta
753 1289 925 1356 declaratio
942 1291 1007 1368 est,
1023 1291 1058 1347 nt
1071 1282 1223 1368 permissa
1237 1302 1339 1364 porro
1352 1281 1465 1345 babea-

267 1430 321 1486 tur
347 1414 443 1482 lectio
465 1410 639 1497 vulgarium
662 1404 858 1477 versionum,
883 1416 961 1482 quae
985 1395 1024 1456 ab
1048 1392 1223 1475 apostolica
1245 1393 1324 1453 sede
1352 1411 1466 1472 appro-

266 1527 376 1608 batae,
400 1529 455 1590 aut
471 1542 540 1586 cum
566 1511 818 1581 annotationibus
842 1503 993 1570 desomtis
1016 1523 1053 1565 ex
1075 1521 1118 1563 ss.
1135 1501 1299 1563 Ecclesiae
1317 1500 1464 1562 Patribus
1549 1503 1550 1514 ³

271 1639 322 1702 vel
338 1658 375 1701 ex
391 1625 493 1698 doctis
511 1622 738 1706 catholicisque
754 1615 832 1681 viris
850 1611 952 1678 editae
968 1609 1085 1674 suerint
1096 1608 1141 1697 ⁴).

360 1743 432 1809 Non
457 1737 582 1822 quidem
604 1727 861 1797 dissimulandum
884 1725 948 1802 est,
973 1720 1053 1782 haud
1069 1738 1188 1802 paucos
1209 1717 1316 1801 magni
1333 1717 1465 1780 nominis

270 1854 439 1939 theologos
464 1855 532 1912 tum
559 1838 747 1924 antiquioris
769 1842 835 1898 tum
858 1828 1095 1894 recentissimae
1122 1827 1236 1889 aetatis
1264 1827 1467 1903 contendere,

271 1961 411 2050 regulam
427 1957 478 2021 lV.
506 1951 621 2016 indicis
648 1947 799 2010 librorum
820 1938 1050 2025 prohibitorum
1071 1936 1104 1997 in
1119 1935 1303 2018 quibusdam
1328 1935 1468 2020 regioni·

272 2075 350 2155 bns,
374 2063 555 2132 nominatim
570 2061 602 2122 in
620 2056 723 2122 Gallia
739 2059 771 2117 et
787 2049 953 2115 Germania
968 2051 1022 2109 aut
1037 2062 1192 2127 nunquam
1208 2049 1395 2128 receptam,
1420 2050 1468 2106 ant

272 2173 508 2244 concontrario
520 2166 723 2253 jampridem
738 2162 919 2245 abrogatam
937 2175 1027 2233 esse,
1051 2155 1131 2217 idem
1148 2157 1326 2217 statuentes
1343 2153 1385 2215 de
1402 2153 1469 2216 lau·

272 2290 345 2351 dato
361 2286 489 2347 decreto
506 2276 640 2353 indicis,
665 2294 701 2336 eo
718 2270 801 2355 quod
816 2274 963 2350 tanquam
980 2263 1194 2326 accessorium
1209 2267 1365 2344 sequatur
1381 2262 1468 2345 prin·

274 2392 397 2478 cipale,
432 2390 473 2452 Et
500 2403 611 2448 revera
637 2379 823 2466 prodierunt
843 2379 953 2437 nostra
976 2377 1009 2438 et
1034 2371 1175 2453 proxima
1197 2371 1235 2433 ab
1262 2370 1337 2432 binc
1366 2374 1470 2432 aetate

274 2503 383 2586 plures
409 2496 572 2560 versiones
598 2490 767 2576 vulgares,
790 2481 977 2567 praesertim
1005 2480 1224 2566 germanicae,
1247 2499 1266 2542 a
1291 2479 1372 2541 viris
1397 2499 1470 2562 pro·

273 2609 374 2690 batis,
398 2605 467 2670 sola
482 2599 710 2686 approbatione
726 2593 963 2660 Ordinariorum
979 2590 1135 2668 munitae,
1158 2589 1260 2652 modo*
1279 2609 1352 2650 cum
1379 2589 1469 2650 modo

274 2721 342 2782 sino
366 2709 499 2800 adjectis
523 2706 782 2794 explicationibus
805 2701 926 2781 editae,
949 2699 1031 2762 unde
1053 2699 1140 2782 haud·
1156 2695 1313 2760 immerito
1339 2697 1470 2760 conclu-

276 2829 379 2905 ditur,
403 2821 554 2892 diminntc
578 2836 637 2899 ope
659 2810 863 2898 perfectioris
878 2807 1047 2892 praecipue
1073 2805 1281 2868 iustitutionis
1297 2805 1471 2890 religiosae

275 2934 438 3022 periculo,
462 2930 514 2993 oni
535 2925 645 2990 iidelcs
661 2922 733 2986 inde
748 2921 787 2983 ab
804 2922 907 2981 aetate
919 2915 1153 2979 reformationis
1169 2915 1311 2998 longiori
1326 2919 1470 2997 tempore

279 3043 404 3109 obnoxii
419 3040 562 3112 inerant,
586 3031 760 3096 Ecclesiam
782 3027 875 3090 etiam
892 3024 1009 3108 aliquid
1025 3021 1117 3104 bnjus
1140 3023 1328 3106 disciplinae
1350 3022 1471 3086 severi-

275 3155 351 3218 tatis
373 3148 537 3214 remisisse
549 3139 593 3231 ⁶).
640 3137 800 3222 Quidquid
822 3153 898 3198 vero
921 3134 960 3195 de
984 3131 1121 3215 positivo
1144 3131 1368 3208 decretorum,
1395 3149 1470 3214 quae

279 3264 365 3326 circa
378 3257 542 3324 versiones
558 3273 584 3314 s.
603 3248 788 3331 Scripturas
803 3242 951 3326 vulgares
975 3258 1143 3322 earumque
1168 3238 1338 3301 lectionem
1363 3237 1469 3300 landa·

276 3373 396 3448 vimus,
418 3364 542 3443 valore,
568 3363 715 3442 qnantum
731 3357 841 3416 nostra
856 3355 1000 3431 tempora
1015 3367 1052 3419 ac
1067 3347 1216 3432 regiones
1232 3350 1363 3409 nostras
1382 3367 1469 3428 spec·

277 3484 365 3558 tant,
389 3479 528 3550 statuas,
552 3469 584 3532 id
601 3487 637 3530 ex
652 3469 765 3528 natura
780 3460 828 3524 rei
844 3463 967 3522 certum
983 3459 1050 3535 est,
1073 3473 1140 3519 rem
1155 3455 1273 3538 ipsam,
1306 3475 1402 3538 mam
1417 3456 1469 3517 de·

280 3593 369 3658 creta
390 3585 446 3648 illa
472 3575 691 3656 intendebant,
714 3566 1055 3654 nempo'vigilantiam,
1078 3585 1118 3628 ne
1133 3563 1268 3648 populus
1289 3562 1397 3628 fidelis
1421 3586 1471 3627 ac·

282 3686 619 3778 coptisversionibus,
644 3679 778 3764 quaein
805 3677 911 3762 lingua
935 3672 1102 3738 vernacula
1128 3669 1319 3754 offeruntur,
1351 3678 1409 3736 ant
1436 3671 1471 3735 ob

282 3821 388 3868 earum
413 3795 666 3879 corruptionem,
701 3793 755 3852 ant
783 3787 823 3850 ob
857 3785 968 3848 nudam
994 3781 1233 3866 intelligentiam
1260 3787 1472 3864 pervertatur,

279 3927 434 3992 nunquam
446 3909 479 3968 et
490 3901 601 3967 nullibi
613 3917 683 3964 esse
695 3895 921 3982 negligendam.
938 3893 1139 3975 Quapropter
1149 3890 1292 3974 primum,
1300 3895 1338 3953 nt
1349 3893 1472 3954 ratione

281 4019 497 4082 accuratarum
513 4009 691 4074 versionum
703 4003 887 4090 vulgarium,
904 4000 1030 4085 quaein
1046 4017 1153 4062 manns
1168 3998 1277 4082 populi
1293 4001 1473 4075 traduntur,

282 4147 372 4193 omne
388 4120 560 4209 pericolum
575 4115 649 4181 iidei
666 4120 698 4180 et
713 4131 833 4178 morum
850 4111 1043 4188 excludatur,
1059 4106 1231 4170 translator
1244 4126 1298 4169 eas
1316 4109 1473 4191 approba·

278 4240 366 4302 tione
388 4229 546 4298 Ordinarii
568 4224 776 4309 providendas
800 4219 907 4284 cnrotl
947 4219 1026 4282 Dein
1048 4237 1087 4280 ne
1109 4217 1178 4301 ipsa
1201 4237 1309 4280 earum
1335 4217 1473 4281 lectione

277 4342 413 4428 populus
436 4355 473 4401 ex
490 4331 619 4398 ‘deiectu
642 4329 872 4414 intelligentiae
893 4327 1129 4408 demimenm,
1154 4325 1208 4388 sed
1224 4324 1335 4406 potius
1350 4323 1427 4390 fidei
1444 4329 1473 4385 et

278 4451 407 4539 pietatis
423 4440 620 4530 augmentum
637 4437 751 4521 capiat,
767 4437 831 4500 loci
848 4433 1040 4499 difficiliores
1057 4434 1243 4517 opportunis
1259 4435 1473 4498 annotationi·

277 4564 338 4626 bus
366 4580 403 4624 ex
429 4551 637 4637 scriptoribus
664 4545 866 4623 orthodoxis,
889 4543 1076 4628 praesertim
1100 4563 1143 4606 ss.
1157 4542 1305 4606 Patribus
1323 4543 1473 4606 desumtis

280 4669 484 4753 explaneutur
514 4665 547 4730 et
567 4656 673 4744 captui
693 4656 793 4720 minus
817 4654 972 4718 cultorum
996 4653 1148 4716 lectorum
1164 4652 1470 4739 attemperentur⁸).
