3190 5290
1278 401 1329 480 25

153 589 205 654 ll.
228 608 288 674 per
303 587 511 654 uniuersales
527 587 696 672 copitundi
710 587 810 670 loyes.
832 583 952 666 Quibus
968 585 1088 651 duobus
1106 586 1259 672 capitibus
1275 607 1333 672 per

229 699 353 762 modum
370 695 551 782 appendicis
566 693 808 782 subjungemus:

151 809 207 872 lll.
232 809 415 872 Tractatum
430 807 473 870 de
489 807 642 888 pluribus
657 809 740 870 locis
757 807 841 870 inter
856 826 895 868 se
912 807 1165 888 comparandis,
1182 807 1254 888 quia
1268 807 1330 870 ista

230 917 357 980 collatio
381 915 582 1000 praecipuum
606 915 644 978 ad
668 912 791 998 priores
815 935 926 978 sensus
942 914 1117 997 inquirendi
1135 915 1330 980 conditiones

228 1025 414 1110 adjuvandas
431 1022 601 1088 subsidium
618 1023 800 1106 coustituit,
824 1045 863 1088 ne
880 1025 985 1089 eadem
1001 1023 1067 1089 lere
1083 1024 1122 1088 ad
1138 1023 1261 1111 singula
1276 1047 1329 1090 ca-

227 1137 294 1222 pita
308 1138 453 1222 repetere
470 1131 676 1222 cogamur'i).

159 1285 198 1354 tl).
211 1281 276 1335 Sunt
295 1281 423 1344 nonnulli,
443 1285 487 1345 qui
505 1283 630 1332 rutlonem
649 1297 745 1332 sensus
764 1283 908 1344 inquirendi
928 1285 953 1330 ln
972 1285 1213 1344 brtsrpretstiouem
1232 1299 1326 1346 prosu·

207 1379 333 1428 motioom
350 1380 377 1425 et
395 1377 553 1426 historicum
571 1377 773 1438 dispeseendam.
788 1381 934 1438 autumant,
961 1379 998 1424 ita
1015 1381 1042 1424 ut
1061 1375 1105 1424 llld
1123 1381 1228 1437 praeter
1251 1391 1325 1425 usum
1415 1417 1417 1424 ι

209 1470 331 1530 loquendi
351 1470 498 1516 contextum
517 1469 737 1529 complectantur,
768 1469 844 1516 istem
864 1481 927 1516 vero
947 1469 979 1514 sd
998 1481 1086 1514 omnes
1112 1469 1253 1528 temporis,
1273 1471 1325 1516 loci

207 1573 237 1608 uo
259 1569 428 1620 personarum
452 1557 674 1618 elroumstsutius,
699 1569 763 1619 quae
792 1561 824 1606 ud
853 1558 943 1606 librum
970 1535 1144 1617 expllesndom
1172 1560 1328 1618 pertineant,

205 1650 318 1701 trabunt.
338 1650 415 1708 Quas
426 1648 536 1704 divisio,
555 1661 613 1696 oum
631 1649 755 1698 historiae
774 1649 946 1710 quoquotum,
972 1647 1076 1696 firmare
1094 1650 1218 1708 loquendi
1240 1664 1326 1710 usum,

206 1745 300 1792 contre
325 1740 438 1800 logicum
462 1725 538 1788 nobis
573 1753 683 1802 pedeure
719 1741 831 1788 videtur.
860 1741 936 1789 cont.
965 1742 1077 1788 ltrscb
1104 1741 1155 1788 und
1185 1741 1326 1792 tiruber

207 1833 228 1878 1.
247 1843 272 1878 c.
294 1844 319 1892 p,
336 1831 398 1878 3⁰2.
417 1843 476 1894 sqq.

204 1994 233 2062 s.
248 1987 289 2048 14.
305 1985 435 2056 ῦιιιιιι,
449 1987 495 2059 qut
508 1985 544 2046 ud
556 1987 629 2046 istus
643 1987 809 2047 orduone
824 2001 856 2046 ue
870 1988 946 2061 leges
961 1989 1100 2061 sperent,
1116 1988 1267 2060 geremus.

229 2124 308 2192 Cum
324 2125 430 2209 itaque
450 2126 509 2190 bae
531 2145 641 2190 seusus
665 2125 869 2214 investigandi
886 2127 1079 2192 conditiones
1096 2149 1132 2192 ae
1156 2127 1259 2214 leges,
1284 2131 1335 2190 ut-

133 2241 211 2322 p'ote
227 2237 258 2300 in
275 2241 386 2300 natura
401 2234 449 2300 rei
463 2234 619 2317 fundatae,
636 2237 700 2301 siut
717 2237 921 2321 certissimae,
939 2239 992 2301 ubi
1009 2259 1061 2302 eas
1077 2238 1139 2302 rite
1156 2236 1332 2322 applicandi

132 2347 227 2410 loeus
250 2347 359 2424 datur,
382 2365 508 2409 sensum
532 2351 621 2411 serto
646 2343 806 2410 deliniunt.
843 2347 1029 2430 Priusquam
1046 2367 1120 2412 vero
1139 2349 1177 2410 ad
1195 2347 1333 2432 singulas

133 2457 314 2520 tractandas
337 2457 534 2534 aoeedamus,
555 2454 644 2538 juvat
659 2475 805 2522 canones
818 2461 993 2542 penerales
1009 2457 1224 2542 praemittere,
1244 2455 1334 2539 juxto

136 2582 218 2650 quos
235 2579 347 2630 sensus
362 2587 398 2630 ex
415 2564 460 2629 eis
478 2567 661 2630 statuendus
679 2565 748 2632 erit.
775 2568 856 2631 Sunt
873 2572 975 2632 autem
993 2573 1178 2651 sequentes:

227 2680 256 2744 1.
274 2678 361 2756 Quae
376 2677 446 2742 usui
462 2676 609 2760 loquendi
620 2677 669 2741 vel
681 2677 907 2744 universalibus
922 2678 1080 2765 cogitandi
1095 2677 1219 2765 legibus
1232 2677 1330 2740 mani-

133 2788 219 2853 iesto
237 2791 268 2852 et
285 2793 374 2852 certo
394 2798 597 2872 repopoaot,
622 2811 746 2853 sensum
770 2791 911 2854 auctoris
936 2790 1129 2854 constituere
1152 2793 1331 2872 nequeunt,

135 2901 168 2960 et
184 2896 315 2980 proinde
331 2896 551 2980 interpretatio
569 2895 621 2960 uni
637 2897 766 2960 alterive
782 2897 905 2960 illarum
922 2898 1135 2962 conditionum
1158 2918 1335 2983 repugnans

136 3009 175 3072 ut
190 3005 270 3069 salsa
285 3004 479 3089 repudietur.
1177 3003 1181 3018 '
1355 3083 1360 3100 ,

228 3116 259 3178 2.
277 3117 364 3195 Quae
380 3113 429 3179 his
447 3113 677 3180 conditionibus
689 3117 900 3200 respondent,
915 3127 1066 3199 possunt,
1084 3116 1138 3180 sed
1149 3136 1212 3179 non
1223 3115 1336 3180 debent

133 3223 275 3292 auctoris
298 3245 422 3290 sensum
445 3225 655 3306 constituere,
677 3225 750 3308 quia
766 3225 873 3310 plures
890 3226 921 3289 in
938 3225 1070 3312 singulis
1086 3225 1167 3290 loeis
1184 3214 1328 3288 uotidnes

137 3335 185 3400 eis
203 3333 370 3400 convenire
385 3340 535 3418 possunt,
564 3355 694 3419 querum
712 3334 835 3398 nonnisi
852 3357 942 3399 unam
957 3336 1097 3420 scriptor
1113 3356 1182 3398 eum
1198 3334 1329 3400 lectori-

83 3423 86 3428 ¹
134 3445 195 3508 bus
214 3443 442 3508 communicare
458 3443 603 3508 intendit.
644 3469 647 3484 =

229 3555 261 3619 t.
285 3550 406 3632 Quodsi
421 3573 491 3618 unu
506 3555 613 3616 mlum
629 3556 718 3618 notio
733 3555 913 3636 respondet
926 3552 975 3616 his
988 3552 1235 3631 'conditionibus
1255 3574 1331 3636 pro-

136 3661 189 3726 eul
205 3661 301 3726 dubio
318 3663 395 3726 haee
412 3681 537 3726 sensum
553 3661 693 3726 suetoris
710 3659 818 3726 efficit.
840 3661 877 3726 Si
892 3663 926 3726 id
942 3662 1090 3750 nescitur,
1107 3661 1219 3746 majori
1234 3661 1335 3726 mino·

132 3772 202 3836 rive
219 3771 440 3856 probabilitate
458 3775 624 3837 contentos
638 3791 698 3836 nos
715 3791 784 3836 esse
802 3776 928 3856 oportet
943 3769 994 3858 r),

164 3912 196 3986 θ)
216 3921 272 3968 llus
292 3922 418 3980 spectent,
438 3933 504 3981 queo
524 3921 593 3981 opud
612 3921 726 3967 birsob
745 3923 772 3968 et
792 3919 950 3980 Gruber,
969 3921 1018 3966 sub
1033 3921 1159 3967 articulo:
1180 3921 1337 3980 ungenitus

208 4009 403 4070 Hermeneutils,
420 4023 446 4070 p.
466 4009 529 4058 toa.
561 4010 593 4058 de
612 4011 747 4070 principiis
765 4010 964 4059 hermeneutieis
986 4011 1118 4071 leguntur:
1144 4011 1227 4072 „lbre
1259 4011 1338 4058 Sitne

208 4101 293 4150 buben
319 4113 369 4150 nur
392 4101 502 4164 nequitu
529 4101 829 4163 numentanorum
857 4113 939 4162 ειμι
958 4101 1188 4163 Sprscbgebruueb
1212 4103 1266 4150 und
1286 4101 1338 4150 (ie-

212 4192 328 4242 sotrlobts
357 4193 418 4240 dart
433 4194 472 4241 sie
491 4189 569 4240 lisine
587 4193 735 4254 Auslsgnog
752 4193 864 4253 daldorp
883 4194 1001 4252 wenlgsr
1019 4193 1200 4242 eutsobeideud
1220 4193 1278 4241 sind
1299 4193 1340 4241 sle

209 4281 325 4350 positio,
351 4282 411 4330 weil
439 4283 474 4330 tm
500 4283 634 4331 einzelnen
659 4284 729 4332 Fullo
749 4283 869 4330 mebrars
887 4283 1070 4342 llrklbruugen
1087 4284 1265 4342 grnmmadseb
1285 4284 1337 4330 und

212 4373 353 4420 historiseb
372 4372 488 4434 eutissig
502 4375 558 4421 sein
572 4375 689 4431 konnen,
708 4378 785 4422 untur
804 4375 888 4422 denen
906 4375 948 4422 dle
965 4373 1089 4421 Auswubl
1106 4374 1195 4422 medor
1219 4387 1235 4422 ι
1255 4373 1338 4433 priori

212 4463 280 4510 nueb
298 4476 314 4510 ι
331 4463 471 4522 posteriori
489 4465 561 4512 einer
581 4465 685 4512 eichorn
705 4466 783 4512 Norm
804 4465 980 4513 unterworien
995 4465 1100 4512 werden
1114 4463 1203 4522 buon,
1228 4462 1338 4509 sonderu

213 4554 296 4600 einum
315 4553 445 4615 gewiasen
462 4554 645 4616 exegetisebeo
662 4555 740 4604 'lacte
758 4553 911 4605 uberiusseu
935 4554 1040 4603 bleiben
1057 4565 1137 4600 muse.
1164 4551 1200 4598 Es
1220 4551 1267 4597 but
1289 4549 1345 4596 sieb

219 4644 299 4694 deber
319 4642 367 4694 dor
384 4643 535 4712 summor,
560 4649 624 4700 stutt
640 4649 676 4700 im
699 4647 834 4698 sinteino
855 4646 924 4695 rotie
945 4643 990 4694 dus
1012 4642 1125 4704 obtectis
1152 4639 1207 4688 und
1235 4633 1341 4692 absolut
