3118 5282
266 455 342 536 tot

335 637 374 686 uti
388 637 413 686 h
423 635 556 696 prouentu
571 635 597 682 io
612 635 777 688 ttstttseum,
797 635 822 680 io
833 633 965 693 prooemio
976 633 1003 678 io
1013 630 1109 678 tibrum
1121 633 1166 680 tii.
1179 633 1324 680 Comment.
1340 636 1368 680 io
1377 634 1452 692 epist.

333 728 365 774 si
377 727 494 782 tisistss,
513 729 539 772 et
557 725 582 772 is
599 725 733 784 prooemio
747 725 773 770 is
793 723 887 772 iiisrust
908 724 940 770 tt.
954 723 1095 772 Conment.
1115 723 1149 768 sui
1162 723 1302 782 iiptssios.
1324 725 1389 770 inuis
1402 729 1452 777 est,

336 819 404 878 quoti
419 815 570 876 quibusdem
592 815 704 862 eruditis
723 815 829 872 ssspius
851 813 932 860 miuus
958 812 1007 858 stiti
1029 816 1168 867 constsre,
1199 812 1249 858 imo
1278 825 1368 860 secum
1398 815 1454 872 ipse

336 919 451 968 pepssre
471 905 601 958 vitientur,
622 908 712 961 utpote
729 902 774 962 qni
793 902 835 948 rei
856 903 914 962 ipse
934 902 1012 948 etism
1033 901 1082 948 siio
1100 907 1215 962 tempore
1233 906 1394 950 sententium
1408 906 1453 949 si-

335 1000 447 1058 sptsrit,
474 997 514 1042 rei
533 994 644 1042 sitorum
664 992 818 1040 sententium
845 1004 909 1040 sose
930 993 1164 1051 contradicentem,
1190 997 1237 1040 sut
1263 997 1351 1042 tumen
1373 996 1454 1042 miuus

336 1087 531 1136 eesrsoteotesu
550 1085 652 1132 nourio
671 1083 795 1139 dietseit,
814 1083 875 1142 quis
894 1094 957 1142 pres
975 1082 1052 1130 nimis
1068 1083 1200 1130 oetentste
1215 1085 1332 1132 ieetores
1358 1087 1406 1132 isse
1425 1087 1454 1131 ute

332 1192 363 1228 rs
385 1177 524 1226 monuerit.
563 1176 637 1234 osset
661 1175 754 1220 sttioet
773 1185 855 1232 opsrs
874 1173 1006 1231 usgsues
1028 1171 1060 1218 sb
1079 1171 1137 1231 ipso
1161 1173 1248 1232 edite,
1274 1178 1454 1235 prseterqusn

335 1269 403 1330 quoti
419 1268 560 1326 pterosque
574 1265 657 1312 ithros
678 1263 706 1308 V.
721 1263 750 1310 Τ.
771 1275 803 1309 ex
815 1265 886 1308 testu
904 1259 1026 1308 hetrsieo
1044 1261 1071 1306 iu
1086 1274 1228 1310 sermonem
1241 1265 1350 1310 istinum
1370 1270 1453 1312 truns-

334 1360 409 1420 tuiit,
440 1361 467 1404 et
485 1357 631 1403 versionem
651 1354 755 1400 istiusrn
781 1353 812 1399 ii.
835 1353 866 1398 Τ.
892 1363 1002 1411 grseuee
1027 1350 1085 1398 tutet
1103 1355 1229 1409 restitnit,
1251 1355 1455 1402 commentatos

336 1450 442 1510 reliquit
463 1450 489 1494 iu
509 1443 710 1498 Eseiesiosteo,
731 1443 757 1490 io
777 1453 868 1490 onsnes
889 1441 1041 1505 Prophetes
1063 1445 1118 1489 tnsn
1138 1445 1267 1505 nojores,
1290 1448 1348 1492 tnss
1373 1447 1454 1492 anino·

337 1554 401 1598 res,
439 1551 518 1600 porro
555 1537 580 1584 tn
615 1537 793 1592 tistttuessn,
834 1537 860 1582 in
892 1535 1016 1592 epistoius
1051 1536 1083 1582 sti
1125 1535 1256 1596 Galatas,
1302 1537 1452 1600 Ephesios,

338 1632 441 1686 Titum,
477 1633 504 1676 et
531 1629 563 1674 ssi
594 1626 784 1674 Philemonem.
824 1625 930 1671 Prseter
962 1625 1010 1671 hos
1040 1626 1243 1673 commentsrios
1280 1629 1452 1686 Hieronymus

333 1722 384 1768 stis
413 1731 516 1780 quoque
550 1717 674 1776 scripsit,
702 1729 769 1776 quse
794 1715 827 1762 sti
851 1727 873 1762 ι.
900 1713 1053 1773 seriptum
1073 1716 1317 1776 iuterprotstionem
1345 1719 1451 1764 isciunt.

333 1813 390 1872 Quo
413 1811 527 1870 pertinet
558 1807 624 1854 iiber
646 1807 679 1853 ie
695 1805 847 1853 nominituo
874 1805 1032 1860 Hetroieis,
1058 1805 1124 1853 ittet·
1142 1807 1173 1854 tie
1201 1807 1269 1855 toeis
1295 1809 1449 1863 Heiroieis,

333 1909 361 1952 st
373 1901 483 1962 tenipus
498 1899 566 1946 iiiser
584 1898 773 1956 Quaestionnsn
791 1896 988 1944 Heirsieurnns
1002 1896 1032 1944 in
1051 1895 1175 1944 Genesin.
1203 1898 1453 1946 Commentariorum

335 1993 447 2042 testem
468 1991 671 2052 prseteruntur,
692 1987 736 2048 qni
750 1987 845 2048 seripti
868 1991 928 2034 suut
950 1987 976 2032 in
994 1987 1140 2046 Prophetes
1161 1988 1287 2036 minores.

290 2098 317 2168 ¹)
336 2104 544 2162 spernemus
570 2099 692 2158 Syrus.
712 2098 845 2144 Beniesise
858 2097 1006 2145 Edessense
1021 2098 1161 2157 itisoonus,
1179 2098 1244 2145 obiit
1261 2100 1324 2146 378.
1346 2101 1453 2148 Prseter

336 2193 437 2252 seripts
461 2189 569 2238 moretis
593 2189 739 2248 componit
757 2187 833 2234 etism
853 2188 1000 2246 exegeties,
1019 2200 1085 2247 quse
1105 2188 1310 2248 complectuntur
1328 2191 1452 2249 expisns-

340 2283 436 2329 tionem
459 2281 610 2340 pierumque
629 2277 657 2323 V.
676 2277 705 2324 Τ.
726 2275 851 2324 librorum
869 2277 934 2322 sdeo
953 2277 1055 2334 pienum
1069 2281 1096 2324 et
1114 2277 1146 2324 ssi
1162 2277 1353 2326 iustitutionem
1369 2283 1456 2340 popuii

340 2376 440 2432 sptem,
459 2374 489 2416 ut
508 2369 534 2414 in
553 2368 640 2414 multis
664 2367 784 2413 eoelestis
803 2371 863 2425 post
888 2377 911 2412 s.
933 2365 1094 2426 Scriptursm
1116 2368 1220 2426 pubiiee
1242 2369 1453 2430 preelegeretur.

293 2473 317 2542 ⁸)
337 2477 494 2524 Aurelius
520 2473 750 2534 Augustinus,
778 2471 922 2532 Episcopus
950 2473 1140 2532 Hipponensis,
1160 2475 1288 2536 Tspsstne
1312 2477 1341 2524 in
1368 2479 1455 2526 Atrius

334 2571 409 2614 ustos
423 2577 488 2613 snoo
509 2565 580 2618 tut..
600 2565 717 2622 liippone
737 2564 811 2622 regio
827 2567 943 2610 mortuus
959 2575 1024 2610 sono
1046 2565 1107 2612 sto.
1127 2571 1232 2626 prseter
1247 2567 1359 2626 pinrims
1376 2583 1455 2628 opers

332 2658 416 2706 omnis
439 2657 542 2716 generis
562 2654 759 2713 disoipitosrum
772 2655 974 2714 thsoiopiosrum
988 2657 1064 2702 etism
1084 2658 1165 2704 muits
1179 2659 1312 2718 enepotius
1334 2661 1453 2719 reliquit.

334 2751 519 2810 Prseterqussn
544 2747 626 2806 enim,
655 2747 723 2805 quot
745 2748 770 2792 in
793 2746 866 2792 tibris
884 2746 916 2791 sie
939 2745 1058 2792 isetrios
1076 2747 1212 2796 christisns
1236 2751 1335 2807 primns
1358 2751 1454 2798 csttso-

332 2842 440 2888 iieornm
456 2838 558 2898 reputes
576 2839 649 2884 reete
665 2835 854 2896 interpretsnuii
874 2836 978 2882 trstitit
993 2837 1074 2898 (eous.
1094 2851 1175 2898 suprs
1190 2839 1215 2898 ς.
1238 2839 1293 2902 ιι),
1312 2842 1338 2887 ei
1358 2842 1455 2888 ‹teten-

333 2939 392 2980 turt
414 2931 453 2978 ite
474 2928 576 2977 Genesi
595 2929 630 2976 sut
645 2926 756 2975 itteram
773 2926 839 2974 iitri
853 2926 922 2980 111,-
944 2923 1117 2976 hoestionom
1135 2929 1199 2978 titre·
1222 2931 1270 2977 Vii
1293 2946 1327 2978 a
1356 2935 1455 2995 Περιι-

332 3021 445 3075 tesseiso,·
475 3018 662 3078 Osoestionsns
679 3015 745 3064 istri
763 3016 858 3062 V11ts
877 3016 1104 3078 Heptateuchum
1124 3018 1317 3070 innotationes
1341 3023 1370 3070 in
1392 3024 1454 3082 Jot,

333 3117 360 3160 et
380 3111 578 3158 lnsrrstiones
595 3109 624 3155 in
646 3108 782 3168 Psoinsos.¹
820 3105 981 3167 Scriptorum
1002 3110 1204 3171 exegetieorum,
1224 3125 1290 3171 quse
1309 3115 1344 3160 sui
1369 3116 1399 3161 Ν.
1424 3115 1454 3162 Τ.

333 3202 480 3264 pertinent,
506 3199 582 3246 tseiie
608 3199 716 3256 prinum
746 3197 829 3244 ioeom
852 3199 944 3245 tenent
973 3198 1049 3246 nort
1073 3200 1114 3245 W
1137 3203 1170 3249 rte
1195 3215 1329 3250 romenses
1361 3205 1452 3252 fless-

330 3292 502 3358 psiistsrttn.
534 3289 598 3336 Dein
616 3289 665 3334 itnn
684 3291 819 3348 speutsnts
840 3288 879 3335 De
898 3300 1024 3336 sermone
1047 3290 1155 3338 Domini
1168 3290 1196 3338 in
1213 3295 1305 3340 ssonte
1321 3294 1391 3342 titre·
1410 3297 1453 3351 115

335 3380 524 3444 Quaestionem
538 3377 751 3439 Eusnpets'orsns
769 3377 835 3426 titri
845 3377 875 3424 11
881 3389 890 3432 ,·
914 3378 1101 3436 Quaestionum
1116 3383 1304 3444 septenuteeins
1315 3383 1347 3430 in
1361 3385 1453 3433 fless-

331 3473 428 3536 pertun
446 3470 591 3520 temdum
609 3467 773 3516 Muttinem
793 3467 861 3514 liter
883 3480 969 3526 nnsss3
991 3469 1019 3516 in
1036 3470 1149 3518 Josnnis
1168 3472 1345 3534 flosnpets'nss
1366 3476 1454 3524 True-
1550 3515 1551 3518 ,

335 3567 407 3612 totns
426 3560 558 3614 xxm,-
585 3559 613 3606 in
637 3558 776 3622 epistotam
791 3558 905 3606 Jonnnis
923 3560 957 3606 oct
972 3559 1090 3610 Parthos
1116 3560 1149 3624 (i.
1168 3576 1191 3610 e.
1208 3563 1229 3608 i.
1248 3563 1342 3626 Josn.)
1368 3567 1456 3614 Troe·

333 3655 406 3702 totns
429 3650 471 3705 X,·
495 3648 637 3712 Expositio
654 3649 831 3709 quorumdem
845 3649 1062 3714 propositionum
1074 3664 1108 3698 en
1128 3653 1240 3714 epistota
1256 3655 1454 3710 estiomenus,

335 3741 404 3790 iiten·
428 3749 517 3794 «ιω
539 3737 677 3800 epistotae
703 3740 739 3785 od
761 3739 895 3786 iiossossos
913 3738 1058 3788 inotostse
1080 3742 1257 3808 expositionis
1281 3744 1353 3792 iiten·
1376 3761 1455 3800 unns,

337 3836 364 3878 et
387 3827 572 3893 &positionis
591 3828 723 3892 epistotae
741 3830 777 3876 sci
802 3828 914 3878 Gsistos
935 3829 1003 3878 iiten·
1021 3843 1099 3880 unse.
1120 3858 1153 3868 -
1174 3834 1273 3894 Quodsi
1296 3836 1329 3881 oe
1354 3849 1378 3882 s.
1400 3839 1454 3882 An-

338 3918 437 3980 gustini
453 3917 642 3976 interprstsodi
654 3918 757 3964 ustione
771 3929 800 3963 se
822 3919 912 3964 merito
933 3919 1082 3980 quseritur,
1103 3922 1234 3970 fetentium
1252 3928 1312 3984 est,
1333 3937 1393 3972 enm
1407 3927 1455 3972 ius-

340 4010 442 4057 trsiose
465 4008 569 4066 iinguse
592 4006 708 4065 ignorum
735 4009 819 4056 tuisse
847 4009 927 4069 (eunt.
947 4009 1069 4058 confess.
1087 4012 1131 4062 tib.
1153 4012 1195 4060 xi.
1217 4015 1243 4066 5.
1268 4021 1295 4062 et
1313 4017 1355 4062 lte
1373 4017 1456 4062 siostr.

341 4101 434 4148 christ.
453 4096 498 4143 iit.
518 4097 552 4142 ii.
578 4095 635 4160 tt.)
654 4108 772 4157 grseesm
796 4111 879 4158 sero,
898 4111 971 4158 quem
989 4112 1004 4146 ι
1021 4100 1156 4160 ,iuventute
1182 4105 1273 4152 odisse
1302 4107 1363 4165 ipse
1390 4121 1455 4167 prs·

338 4193 441 4245 iitetnr,
469 4187 634 4234 nihilominus
656 4190 698 4234 ιιι
724 4186 791 4234 tene
813 4186 951 4249 enituisse,
981 4192 1134 4240 monendum
1155 4197 1207 4242 est.
1246 4196 1413 4256 Qnspropter
1431 4203 1457 4246 iu

339 4277 496 4342 sxpiiesoiis
512 4273 588 4324 titos
606 4276 690 4324 sseris
708 4277 736 4324 V.
757 4278 963 4326 aversionibus
981 4281 1092 4339 prseois,
1112 4283 1252 4342 prseoipue
1268 4286 1454 4346 Aiexsnstrins,
1549 4285 1550 4296 ¹

342 4383 419 4434 qusm
440 4379 604 4426 summopere
617 4365 749 4428 prohstsm
766 4367 817 4414 sibi
835 4369 961 4428 hebetet,
979 4373 1008 4428 ‚et
1028 4371 1054 4418 in
1071 4371 1146 4419 iitris
1163 4373 1195 4420 Ν.
1208 4375 1237 4422 Τ.
1259 4380 1334 4426 textu
1352 4393 1456 4441 meon,
1549 4377 1550 4396 ¹

338 4462 472 4520 utriusque
493 4461 631 4518 prseteree
654 4457 870 4506 truneinionibus
891 4459 996 4518 Ietinis,
1017 4461 1161 4508 nominetins
1184 4463 1262 4522 tusis,
1291 4481 1369 4528 quum
1395 4483 1456 4518 ese·

341 4553 405 4600 teris
424 4548 606 4610 prseterebet,
626 4547 650 4594 ei
667 4547 706 4595 uti
722 4548 825 4596 iioebst.
864 4551 962 4609 Quodsi
980 4563 1042 4598 vero
1062 4554 1205 4601 eommunis
1229 4557 1455 4618 interpretstioois

341 4638 500 4694 substitisti
519 4638 601 4686 ninus
624 4637 649 4686 in
671 4640 773 4698 promtu
795 4639 901 4696 inerint,
922 4641 1018 4700 ingenii
1035 4642 1164 4700 seumine,
1185 4645 1332 4698 subtiiitste
1352 4666 1384 4700 se
1401 4656 1455 4701 ter·
1548 4701 1549 4704 ,
