3120 5294
240 486 291 560 92

238 661 346 724 dorica
358 661 494 725 dialecto
511 681 572 724 non
585 663 662 724 adeo
675 659 816 738 alienam,
830 658 998 722 dialectum
1011 659 1151 735 atticam,
1164 659 1304 722 caeteris
1319 660 1437 740 quippe

240 770 422 851 cultiorem,
439 768 628 847 baudrino,
650 768 818 850 praecipua
840 769 871 830 in
894 768 1060 831 scribendo
1077 773 1260 844 sectantem,
1284 773 1437 838 attamen,

237 897 347 941 omnes
363 878 517 942 dialectos
533 878 604 961 plus
626 877 766 944 minusve
789 877 1039 954 consociantem,
1063 896 1142 960 quae
1166 882 1339 957 propterea
1362 874 1436 937 δια-

237 987 340 1059 icaria
355 995 435 1058 antri
453 979 677 1074 dicebatur¹)3
694 985 744 1048 cui
760 1005 835 1048 vero
852 986 934 1048 baud
951 1005 1050 1067 pauca
1068 985 1238 1048 secundum
1257 983 1435 1067 analogiam

235 1114 350 1158 recens
366 1094 500 1160 formata
516 1095 706 1158 accedebant
722 1091 765 1178 ¹).
795 1097 883 1172 Quae
894 1092 960 1174 jam
976 1091 1167 1155 recentioris
1193 1091 1320 1174 linguae
1340 1111 1436 1175 grae-

236 1219 294 1264 cae
310 1201 522 1286 proprietates
539 1222 558 1264 a
573 1200 679 1286 lingua
693 1219 809 1285 graeca
829 1199 945 1264 biblica
960 1199 1071 1264 abesse
1092 1221 1154 1263 non
1175 1203 1343 1281 poterant,
1365 1217 1436 1259 com

237 1309 380 1394 cognitio
403 1308 563 1374 idiomatis
586 1308 695 1394 graeci
718 1308 944 1391 praesertima
970 1315 1114 1391 tempore
1137 1306 1305 1372 Alexandri
1324 1306 1367 1370 ni.
1397 1307 1436 1368 ad

238 1415 417 1480 orientales
434 1421 466 1481 et
480 1417 617 1480 ludaeos
639 1415 846 1498 pervenisset,
882 1423 914 1479 et
938 1421 1087 1480 auctores
1109 1433 1218 1478 sacros
1239 1434 1302 1476 non
1330 1411 1436 1476 solnm

236 1524 342 1588 versio
359 1524 443 1588 ixx
457 1524 681 1607 interpretum,
706 1523 764 1586 sub
780 1523 972 1588 Ptolomaeis
997 1524 1104 1586 cadem
1131 1521 1266 1588 dialecto
1290 1519 1436 1583 Helleni·

237 1632 320 1696 stica
336 1638 462 1698 exarata
476 1635 514 1697 ad
531 1633 739 1697 imitationem
763 1633 945 1714 incitasset,
968 1633 1024 1696 sed
1046 1633 1129 1696 hand
1157 1652 1229 1695 raro
1247 1630 1435 1712 scriptionis

236 1741 369 1806 materia
385 1741 554 1828 coegisset,
571 1747 606 1804 nt
623 1761 641 1804 a
655 1739 829 1826 graecitate
847 1739 980 1804 classico
996 1739 1215 1818 discederent,
1233 1737 1306 1822 quia
1320 1759 1435 1820 nempe

237 1869 307 1929 res,
334 1849 477 1932 inprimis
498 1849 644 1914 notiones
667 1849 851 1935 religiosae,
872 1869 986 1934 graeca
1003 1869 1081 1911 voce
1098 1846 1307 1932 designandae
1332 1850 1435 1924 erant,

237 1958 350 2043 quibus
367 1961 538 2044 adaequate
557 1964 588 2022 ct
603 1959 772 2043 perspicue
789 1957 997 2042 exprimendis
1014 1957 1098 2020 nulla
1121 1978 1158 2021 ex
1181 1955 1266 2019 illius
1289 1955 1435 2033 vocibus,

240 2086 320 2149 quae
337 2067 562 2149 suppetebant,
579 2072 652 2149 apte
668 2066 868 2130 inserviebat.

263 2225 289 2290 ¹)
309 2232 348 2278 iia
366 2231 542 2290 permixtionis
562 2231 730 2278 dialectorum
750 2243 833 2291 psucs
856 2230 987 2292 exemplat
1006 2232 1045 2278 Ad
1071 2244 1150 2279 acces
1170 2231 1281 2292 jonicae
1310 2231 1435 2277 referun-

308 2325 365 2368 tur:
392 2314 511 2388 ἔκτρωμα
534 2319 625 2382 scetus
651 2322 789 2370 abortivas
816 2322 848 2382 (1.
864 2323 925 2370 tior.
939 2321 991 2378 XV,
1009 2323 1047 2382 8.)
1073 2326 1101 2368 et
1120 2317 1268 2389 σκιρπίζειν
1292 2321 1433 2381 dissipare

310 2409 343 2470 (l.
360 2411 440 2457 ilaec.
457 2413 504 2464 Vi,
525 2411 567 2457 51.
587 2412 661 2458 ioan.
680 2413 717 2473 X,
741 2410 803 2472 12.)
832 2413 953 2472 iijusdem
981 2414 1084 2461 dialecti
1104 2411 1213 2474 formae
1239 2411 1386 2458 habentur:
1409 2405 1435 2457 ci

311 2494 402 2565 δεσμοὶ
425 2501 530 2549 vincula
550 2503 672 2564 (Philipp.
692 2503 717 2558 l,
740 2502 808 2564 i³.),
837 2496 931 2568 ῥήσσω
948 2501 1051 2564 frango
1071 2503 1212 2562 (Marcii,
1233 2503 1275 2548 22.
1292 2502 1339 2556 lX,
1361 2501 1435 2560 18.);

312 2592 422 2638 attici
440 2588 473 2638 τὰ
493 2585 577 2656 δεσμὰ
597 2593 844 2653 (tuc.vi11,29.)‚
865 2585 977 2656 ῥήγνυμι
998 2594 1102 2654 (mitti.
1116 2593 1163 2652 lx,
1184 2592 1238 2654 17.)
1258 2593 1435 2650 scripserunt.

311 2683 349 2728 Ad
364 2682 498 2729 dialectum
513 2683 633 2730 doricam
645 2676 822 2749 κιλλυβιστὴς
835 2683 1004 2732 camelarius
1017 2683 1196 2744 (Μι111ι.ΧΧΙ,
1210 2685 1249 2728 te.
1261 2681 1319 2742 ai),
1333 2676 1434 2729 πανδο-

310 2771 399 2836 χεῖον,
418 2773 590 2820 diversorium
609 2773 681 2834 (buc.
699 2775 733 2830 x,
753 2775 799 2835 31)
823 2778 849 2820 et
872 2769 973 2830 πιάζιιν
990 2775 1158 2836 pretendere
1181 2771 1250 2837 (Aet.
1268 2775 1316 2828 ill,
1338 2777 1364 2820 7.
1383 2775 1435 2834 ai.)

311 2865 444 2922 spectant,
474 2875 522 2924 pro
547 2863 639 2923 quibus
655 2868 734 2911 attica
751 2865 843 2912 babet:
870 2857 1081 2932 ἀργυραμοιβός,
1102 2857 1253 2912 πανδοκεῖον
1274 2869 1300 2911 et
1319 2861 1432 2922 πιέζειν.

264 2945 290 3013 ²)
310 2954 381 3000 Nove
400 2956 460 3000 sunt
474 2955 612 3011 vocabula,
633 2966 698 3014 quae
722 2955 763 3002 vei
784 2955 810 3000 in
831 2954 988 3001 Graecorum
1009 2955 1180 3016 scriptoribus
1199 2956 1282 3016 plane
1304 2969 1360 3001 aaa
1386 2957 1436 3002 de·

312 3045 521 3104 prehenduntur,
541 3047 578 3092 uti
597 3039 810 3113 dlertcpupnmia
828 3045 996 3106 gallicinium
1014 3041 1106 3108 (liare.
1127 3045 1195 3102 iiiii,
1215 3045 1285 3105 35),
1305 3043 1434 3112 μυκτηρί-

313 3131 365 3191 ζιιι
386 3135 418 3195 (Ι.
433 3133 512 3181 iliaca.
523 3135 574 3187 v11,
595 3137 635 3182 ac.
654 3135 769 3195 linivi,
790 3135 828 3194 7.)
850 3139 876 3181 et
893 3129 1087 3202 ἐκμυκτηρίζιιν
1108 3136 1181 3196 (huc.
1196 3135 1263 3192 XVl,
1288 3138 1328 3182 11.
1341 3137 1434 3192 xxiii,

311 3225 367 3284 35.)
391 3225 505 3272 acribus
532 3226 671 3288 suspensis
691 3227 804 3288 aliquem
822 3225 948 3274 deridere
956 3237 966 3281 ,·
996 3227 1038 3272 rel
1062 3226 1131 3286 apud
1155 3228 1298 3284 scriptores
1319 3226 1434 3272 biblicos

311 3311 382 3362 noct
399 3312 493 3377 forma
511 3316 644 3377 dicuntur,
671 3330 693 3363 e.
712 3329 736 3374 g.
756 3312 903 3380 μετιικισία
921 3317 1049 3377 migratio
1067 3331 1084 3363 a
1101 3316 1207 3364 aedibus
1225 3317 1381 3364 domesticis
1403 3317 1432 3363 in

311 3409 387 3454 sedes
407 3407 528 3466 alienus,
550 3407 659 3454 emiliam
680 3406 781 3466 (Metto.
794 3408 821 3465 1,
845 3404 1015 3470 111317.)
1044 3419 1094 3466 pro
1113 3403 1275 3469 μετοίκησις,
1297 3403 1435 3471 καύχησις

310 3497 439 3557 gloriatio
466 3500 491 3544 et
517 3497 635 3544 materia
653 3496 794 3556 gloriandi
816 3498 839 3542 et
861 3497 982 3544 laetandi
1002 3497 1096 3557 (sirac.
1116 3497 1209 3556 xxxi,
1232 3500 1273 3544 10.
1293 3499 1367 3544 Rern.
1388 3499 1433 3544 111.

310 3583 368 3648 27.)
385 3599 431 3644 pro
449 3581 553 3650 καύχη,
573 3583 676 3633 πανοικὶ
692 3600 750 3632 cam
767 3587 824 3632 tcta
840 3584 950 3647 familia
968 3588 1110 3648 (actm,
1130 3587 1186 3648 31.)
1205 3583 1254 3648 pro
1267 3585 1430 3645 πανιικησία

311 3679 336 3721 et
365 3671 502 3735 πανιίκια,
530 3669 663 3742 ὀρθρίζιιν
691 3675 809 3722 diluculo
838 3688 967 3737 sarpere,
996 3677 1086 3738 primo
1115 3691 1195 3724 mane
1220 3678 1321 3739 aliquid
1350 3693 1433 3739 apere

312 3764 409 3824 (sirac.
426 3765 537 3823 xxxix,
559 3767 584 3812 o.
603 3766 623 3811 l.
640 3764 720 3811 lilaea.
733 3766 780 3824 v1,
802 3766 845 3812 33.
863 3767 907 3824 xi,
930 3770 972 3814 67.
990 3768 1051 3814 buc.
1065 3767 1131 3823 xxi,
1147 3767 1202 3829 38.)
1217 3781 1265 3828 pro
1279 3761 1432 3836 ὀρθρεύεινς
1476 3835 1479 3842 1

311 3855 354 3900 vel
377 3868 449 3902 noco
474 3854 685 3916 significatione,
711 3857 750 3902 uti
776 3850 978 3906 ἀπιτάσσισᾶαι
1004 3853 1055 3904 τίνι
1080 3859 1235 3906 valedicere
1257 3859 1340 3907 alicui
1363 3860 1433 3920 (Act.

310 3945 403 4001 XVlll,
425 3945 495 4006 18),
512 3939 644 3993 παιδεύειν
665 3947 819 4007 castigare,
838 3949 937 4010 punire
961 3949 1035 4010 (Sap.
1056 3950 1105 4007 lii,
1127 3951 1151 3996 5.
1172 3952 1203 3997 ii.
1223 3951 1303 3998 Mace.
1322 3951 1369 4007 Vi,
1394 3953 1435 3997 18.

241 4031 243 4040 ’
311 4036 332 4080 i.
350 4035 474 4091 cor.x1,
497 4037 538 4083 32.
559 4035 604 4096 al.)
625 4036 788 4084 adhibentur.

367 4127 405 4172 ite
431 4128 471 4173 bis
498 4126 610 4186 aliisque
634 4129 772 4186 permultis
800 4131 832 4176 ad
851 4132 1020 4190 graecitatem
1044 4130 1220 4176 recentiorem
1241 4131 1435 4188 pertinentibus

312 4219 379 4264 coni.
401 4217 519 4271 Stura,
537 4219 575 4264 De
594 4220 703 4264 dialecto
721 4220 884 4268 iliaeedonice
897 4227 923 4268 et
934 4223 1117 4270 Alexandrina.
1136 4223 1206 4280 bips.
1224 4221 1300 4268 1808.
1316 4225 1344 4268 et
1357 4235 1435 4280 prae-

313 4307 404 4354 sertim
416 4309 616 4366 Pbrynichii
632 4311 744 4368 iieiogae
757 4313 886 4358 nominum
898 4317 924 4358 et
933 4313 1069 4360 verborum
1083 4313 1223 4360 atticorum
1237 4315 1287 4357 etc.
1307 4313 1389 4358 edidit
1408 4315 1433 4358 et

314 4398 436 4457 explicuit
447 4399 618 4446 A.bobeck.
637 4401 708 4460 bips.
722 4403 797 4448 182⁰.
818 4404 855 4449 De
876 4403 990 4462 antiquis
1010 4415 1072 4450 vero
1091 4403 1248 4449 Graecorum
1268 4402 1389 4448 dialectis
1410 4405 1436 4448 et

313 4489 345 4535 de
362 4491 603 4549 compellationibus
621 4484 756 4547 διαλεκτόέ
775 4491 848 4546 κοινὴ
864 4494 905 4539 val
924 4487 1047 4550 ἑλληνική
1064 4497 1090 4540 et
1106 4491 1187 4540 κοινοὶ
1201 4493 1241 4538 vei
1255 4484 1362 4548 ἕλληνες
1375 4493 1434 4538 vide

313 4579 365 4626 Ph.
392 4582 603 4636 Buttmann,
631 4571 811 4630 Ausitibriiche
839 4585 1003 4642 griechische
1031 4583 1212 4642 Sprachicbre.
1242 4584 1329 4629 ileriin
1360 4584 1433 4629 1818.

317 4681 376 4730 pag.
400 4675 411 4719 1
434 4685 488 4732 seq.
