3118 5282
1238 426 1314 502 3213

125 602 222 686 hujus
239 603 473 688 antiquissimae
489 602 761 685 interpretationis
777 603 929 686 mysticae
945 601 1035 666 nobis
1058 623 1119 666 non
1144 604 1245 666 minus
1266 604 1317 666 in-

126 716 297 795 essisset,
322 733 412 797 quam
429 733 480 793 ea,
504 733 565 796 qua
590 712 756 775 utebantur·
778 711 914 774 literalis
943 711 1147 794 expositionis
1163 711 1316 775 iautores.

124 819 249 883 Primae
273 820 405 884 notitiae
427 820 600 884 historicae
622 821 660 884 de
684 819 807 884 ratione
825 819 1031 903 expositionis
1047 819 1179 882 hihlicae
1196 821 1318 883 demum

126 932 298 990 occurrunt
320 933 395 1011 post
418 927 544 994 exilium
560 928 592 990 in
606 928 791 1014 fragmentis
807 927 997 992 ludaeorum
1019 927 1317 1008 Alexandrinorum,

125 1055 207 1118 quae
222 1057 241 1098 a
256 1055 299 1100 ee.
316 1037 461 1100 Patribus
478 1037 568 1100 nobis
584 1042 747 1100 asservata
764 1037 952 1114 ostendunt,
977 1038 1133 1120 quomodo
1155 1035 1201 1099 illi
1224 1057 1316 1099 soru-

123 1143 221 1206 tando
238 1143 406 1230 allegorias
422 1145 452 1206 in
471 1143 661 1228 explicandis
677 1143 801 1230 legibus
817 1143 1100 1208 hloeaioisuersati
1115 1143 1178 1207 sint
1190 1139 1233 1230 ⁴).

157 1283 182 1350 ¹)
202 1292 278 1339 iloni.
297 1293 375 1339 Dent.
395 1292 487 1348 XXXI,
508 1294 606 1339 a-ia.

150 1374 176 1441 2)
196 1381 269 1428 coni.
286 1385 361 1430 Dent.
371 1383 448 1439 XVII,
469 1383 568 1429 8-12.
587 1383 647 1429 coll.
658 1383 726 1440 xxi,
747 1381 773 1428 5.
794 1382 823 1428 ll.
836 1382 930 1428 chron.
942 1382 1017 1442 xvii,
1035 1383 1059 1428 7.
1070 1394 1127 1441 sqq.
1138 1381 1200 1437 xix,
1218 1383 1243 1427 8.
1252 1395 1311 1441 sqq.

153 1464 179 1533 1)
198 1473 266 1519 hoco
283 1486 335 1520 non
352 1487 405 1520 uno
424 1473 454 1519 Δ.
470 1473 499 1520 'l'.
517 1473 659 1534 scriptores
682 1473 813 1528 innuisse,
828 1473 884 1520 suis
900 1471 1072 1519 relationibus
1091 1479 1198 1530 praeter
1211 1485 1316 1519 sensum

199 1563 324 1611 literalem
341 1565 452 1611 subesse
472 1565 586 1623 realem,
613 1564 805 1618 sublimiorem,
826 1575 907 1622 supra
935 1563 960 1623 s.
989 1563 1049 1609 iili.
1069 1565 1125 1608 not.
1148 1566 1171 1608 1.
1197 1563 1315 1618 diximus,

199 1654 243 1700 ubi
263 1655 341 1701 etiam
357 1654 435 1713 hujus
452 1655 491 1701 rei
508 1655 623 1714 exempla
642 1653 778 1700 habentur.

153 1739 179 1805 ¹)
198 1746 236 1792 Ad
250 1745 363 1793 ludaeos
380 1746 581 1802 Alexandrinos,
602 1758 667 1804 quos
685 1746 735 1792 hoe
760 1746 819 1791 loco
838 1755 1036 1790 commemorare
1056 1747 1177 1800 oportet,
1197 1729 1317 1803 inprimis

200 1841 320 1895 spectent
353 1837 538 1884 Eleazarus
573 1840 599 1882 et
632 1836 874 1890 aristobulus,
917 1835 960 1894 qul
992 1835 1182 1881 Ptolomaei
1211 1833 1319 1881 Phila-

200 1926 315 1986 delphi
340 1931 423 1973 aetate
444 1925 601 1984 tioruernnt,
631 1937 741 1985 quorum
771 1925 948 1985 expositiones
971 1925 1054 1983 legum
1084 1923 1253 1972 mosaicarum
1285 1925 1317 1971 ab

195 2015 239 2062 liu
248 2029 261 2064 s
269 2015 343 2064 ebio
355 2013 520 2078 (Praeparat.
534 2017 660 2076 ilvangel.
670 2015 726 2063 hib.
737 2017 802 2063 viii.
813 2017 879 2062 nuit
891 2015 1012 2062 (telonias
1022 2015 1099 2060 1688.
1113 2025 1172 2074 pag.
1182 2016 1234 2062 37⁰
1243 2015 1317 2074 sqq.)

196 2110 345 2154 asservatae
360 2107 535 2165 manifestent,
555 2118 601 2152 eos
615 2107 751 2166 allegoriis
773 2105 961 2152 ultramodum
983 2104 1129 2150 delectatos
1146 2105 1237 2164 inisse,
1258 2105 1317 2150 dum

197 2196 224 2241 ln
240 2197 327 2244 verbis
344 2198 411 2257 legis
430 2196 590 2256 simplicibus
610 2207 641 2244 ae
659 2197 747 2253 elaris,
768 2211 791 2244 e.
809 2209 834 2255 ς.
854 2196 885 2242 de
903 2195 1053 2242 animalibus
1070 2195 1144 2252 puris
1164 2198 1192 2242 et
1209 2197 1316 2254 impuris

197 2291 302 2344 praeter
322 2299 426 2334 sensum
445 2286 546 2333 obulum
564 2287 641 2334 simul
660 2286 778 2333 oeenltas
801 2297 832 2332 se
849 2285 1017 2332 sublimiores
1041 2286 1165 2332 veritates
1194 2297 1224 2331 se
1245 2285 1316 2344 leges

197 2376 309 2423 morales
334 2378 501 2436 quaererent.
543 2376 617 2423 coni.
642 2376 674 2422 de
691 2377 782 2424 eedem
803 2387 833 2422 re
862 2374 1004 2422 musonii
1023 2375 1119 2422 illator.
1145 2377 1242 2422 aoeies.
1272 2375 1316 2420 lib.

196 2465 251 2512 vii.
270 2477 326 2526 esp.
344 2467 387 2513 32.
426 2466 612 2514 clementis
631 2465 788 2512 Alexand.
811 2465 948 2512 Strumatt.
962 2465 983 2510 l.
1001 2477 1060 2524 pag.
1075 2465 1136 2511 342.
1153 2465 1223 2512 huie.
1243 2465 1315 2522 Splb.

195 2559 223 2603 et
240 2555 364 2614 cyrilli
385 2557 540 2604 Alexand.
562 2556 628 2616 0pp.
652 2555 680 2602 r.
697 2557 740 2602 vi.
761 2568 821 2616 pag.
844 2557 904 2604 itt.
923 2555 991 2602 Edit.
1013 2556 1098 2602 hutet.

537 2733 565 2800 s.
583 2727 646 2786 tit.
663 2726 914 2799 anseromiae.

214 2879 443 2966 hllegoriarum
483 2879 637 2956 studium,
673 2878 756 2960 quod
789 2878 874 2940 inter
899 2875 1089 2940 ludaeorum
1123 2877 1315 2962 interpretes

124 2985 352 3052 Alexandrinos
373 2987 439 3070 jam
466 2988 537 3052 inde
565 2987 604 3049 ah
620 2986 842 3050 Alexandri
868 2987 910 3050 M.
931 2990 1073 3068 tempore
1096 2984 1187 3047 valde
1202 2984 1314 3070 viguit,

123 3098 228 3160 aetate
246 3095 367 3160 Christi
382 3095 502 3160 Philo
518 3095 700 3160 Alexand
711 3095 747 3160 ri
758 3114 830 3158 nus
847 3095 886 3158 ad
901 3115 1053 3160 summum
1069 3093 1228 3178 fastigium
1240 3115 1314 3176 per·

124 3206 228 3285 duxit,
253 3205 368 3290 quippe
386 3205 440 3289 qui
454 3210 552 3270 totam
569 3205 671 3290 legem
686 3203 854 3268 ltloaaicam
870 3203 1079 3287 spiritualiter
1096 3203 1266 3284 explicaret
1283 3208 1314 3264 et

123 3318 294 3393 statueret,
319 3313 413 3376 verba
434 3313 513 3398 legis
536 3334 598 3376 non
620 3332 690 3377 esse
712 3312 774 3374 nisi
793 3333 924 3395 corpus,
949 3312 1000 3374 eni
1022 3310 1139 3394 anima,
1164 3310 1201 3373 ah
1219 3310 1311 3373 oculo

117 3422 297 3486 illuminato
315 3425 508 3506 quaerenda,
532 3423 625 3501 insit3
649 3442 774 3486 sensum
789 3420 945 3484 literalem
973 3417 1120 3484 sufficere
1136 3419 1237 3483 solum
1259 3441 1314 3482 ru-

123 3530 214 3594 dibus
231 3533 262 3594 et
277 3530 422 3610 incultis,
447 3530 635 3594 cultioribus
650 3551 744 3609 uero,
768 3529 988 3612 philosophiae
1003 3527 1118 3592 lumine
1134 3527 1313 3606 illustratis,

121 3640 160 3701 ad
171 3639 355 3702 interiorem
370 3638 452 3724 legis
467 3639 605 3702 indolem
621 3639 856 3722 penetrandum,
874 3659 935 3721 quo
952 3636 1052 3720 major
1067 3637 1221 3721 sapientia
1236 3657 1311 3720 per-

122 3746 268 3830 cipiatur.
292 3749 392 3825 Quam
408 3747 563 3810 rationem
580 3750 709 3810 secutus
724 3767 762 3810 eo
773 3747 942 3830 prooessit,
959 3750 995 3810 ut
1010 3745 1126 3828 ubique
1142 3745 1311 3831 allegoriae

124 3875 211 3918 mere
227 3854 427 3937 arbitrariae,
452 3855 515 3919 imo
532 3854 622 3938 plane
639 3855 762 3938 ineptas
778 3860 872 3937 atque
889 3855 1040 3919 absurdas
1059 3857 1202 3938 captaret
1215 3845 1257 3938 ¹).

212 3962 479 4045 Palaestinensce,
510 3963 691 4032 nominatim
713 3962 921 4042 Pharisaeos,
952 3963 1063 4028 literae
1085 3963 1164 4048 legis
1191 3959 1312 4026 liminius

121 4071 304 4136 adhaesisse
319 4076 444 4136 constat
456 4067 505 4157 ²),
529 4071 606 4138 lieet
621 4093 723 4156 neque
739 4072 800 4156 ipsi
817 4072 1162 4157 sensumallegorieum
1186 4071 1314 4152 penitus

121 4179 317 4264 neglexerint
330 4174 372 4264 ³).
419 4181 506 4268 Quae
533 4184 636 4244 tamen
663 4181 695 4243 in
718 4179 758 4242 N.
782 4181 822 4242 T.
845 4181 1120 4262 deprehenduntur
1147 4180 1312 4242 doctorum
1388 4196 1390 4202 ·

120 4287 323 4353 ludaicorum
338 4288 633 4370 interpretationes,
656 4290 745 4372 ipsos
761 4287 957 4373 micrologiis
974 4293 1015 4352 et·
1029 4287 1171 4352 inanibus
1199 4305 1313 4366 speon·

120 4395 482 4480 lationihusooeupatos
498 4396 598 4460 inisse
615 4396 783 4460 ostendunt
794 4390 839 4481 ⁸).

150 4539 174 4605 ²)
193 4545 226 4594 Ut
244 4547 374 4592 mittamus
389 4557 536 4594 sacrorum
555 4547 641 4604 repom
655 4545 851 4606 allegoriarum
872 4547 973 4607 libros,
994 4547 1035 4604 qui
1052 4545 1154 4618 vitiosis
1177 4525 1311 4602 allegoriis

194 4635 345 4693 plectrunt,
362 4635 499 4684 brevitatis
520 4647 598 4684 eausa
613 4637 696 4684 solum
719 4637 859 4696 exemplum
877 4639 1026 4686 adussimus
1045 4652 1059 4688 c
1079 4635 1147 4684 libro
1170 4637 1201 4684 de
1221 4635 1317 4684 Mende·
