3092 5286
269 411 348 486 206

266 590 369 654 omnia
385 589 599 672 reliquumque
614 608 640 651 s.
657 587 842 670 Scriptum
858 593 1071 673 argumentum
1088 611 1125 656 ee
1141 594 1283 673 tendere,
1311 599 1349 658 ut
1364 613 1448 677 prae·
1532 649 1533 686 ,

268 706 392 782 ceptum
416 697 491 761 Jesu
514 699 624 762 Matth.
647 697 741 779 Xllll,
758 701 813 764 37.
835 717 903 780 sqq.
925 697 964 760 de
985 697 1142 784 diligendo
1163 701 1231 765 Deo
1255 707 1288 766 et
1313 703 1447 786 proximo
1532 687 1533 718 ³

268 810 461 889 observetur,
486 811 518 869 et
541 805 694 892 religione
718 805 868 890 practica,
889 805 921 868 in
943 807 1004 870 hoc
1030 808 1099 892 ipso
1118 815 1288 894 praecepto
1313 812 1404 894 quasi
1422 812 1449 874 iu

266 937 345 982 auce
367 919 532 996 contenta,
557 921 748 982 exerceatur.

356 1027 402 1088 Ex
428 1029 610 1110 argumento
638 1029 741 1088 autem
769 1045 796 1088 s.
818 1024 1003 1109 Scripturas
1031 1030 1118 1090 certo
1148 1026 1268 1090 certius
1298 1027 1448 1112 colligen-

266 1136 337 1198 dum
367 1153 436 1196 csse
459 1133 601 1211 uidetur,
633 1131 916 1218 hagiographorum
938 1137 971 1196 et
991 1132 1090 1218 ipsius
1111 1153 1167 1198 eos
1186 1133 1374 1216 inspirantis
1397 1137 1449 1200 Dei

264 1243 296 1306 io
324 1243 476 1306 exaranda
502 1261 528 1304 s.
545 1239 709 1322 Scriptura
737 1241 899 1305 consilium
924 1240 1099 1306 consistere
1119 1242 1152 1304 in
1173 1241 1406 1308 introducenda
1420 1251 1446 1308 et

266 1353 477 1416 conservanda
497 1348 648 1436 religione
670 1370 759 1428 vera,
786 1371 846 1434 qua
873 1352 1013 1416 asseclae
1040 1351 1178 1435 ejusdcm
1200 1353 1348 1418 beentur.
1383 1353 1449 1418 Non

267 1461 345 1524 enim
367 1459 523 1524 invenitur
545 1479 570 1522 s.
589 1457 774 1541 Scripturae
796 1458 887 1539 liher,
912 1459 966 1544 qui
988 1461 1028 1522 ad
1047 1462 1130 1526 hunc
1145 1461 1238 1526 linem
1254 1482 1319 1526 non
1334 1462 1448 1539 tendat,

264 1568 466 1650 omnibusque
480 1568 582 1650 ipsius
597 1566 740 1651 partibus
755 1571 809 1628 aut
826 1589 871 1631 aa
889 1569 1058 1652 profuso,
1082 1573 1118 1632 nt
1134 1568 1256 1646 dicunt,
1282 1589 1310 1630 e.
1327 1589 1377 1652 gr.
1397 1588 1450 1649 per

263 1679 399 1757 Mosem,
422 1674 613 1759 Prophetas,
638 1675 737 1738 libros
760 1675 934 1740 dialecticos
955 1678 993 1740 Α.
1009 1677 1044 1739 F.
1062 1697 1099 1740 ae
1120 1677 1223 1741 omnia
1243 1697 1345 1761 paene
1360 1675 1402 1740 N.
1418 1677 1448 1738 F.

263 1786 383 1871 scripta
398 1786 561 1864 docemur,
585 1784 660 1869 quiri
680 1781 743 1846 flac
766 1787 799 1847 et
819 1783 885 1848 rita
907 1805 944 1848 cx
958 1785 1018 1848 hei
1038 1785 1198 1849 voluntate
1215 1785 1257 1849 sit
1272 1785 1449 1863 tenendum,
1532 1835 1533 1870 ,

262 1899 317 1960 aut
332 1897 472 1960 historia
488 1904 520 1958 ct
541 1895 703 1977 eoeernplis
728 1893 766 1956 an
794 1895 922 1958 eandem
949 1915 1015 1958 rem
1041 1894 1240 1978 impellimur.
1275 1895 1319 1958 ΙΙΙ
1342 1915 1449 1957 revera
1532 1895 1533 1936 ἓ

263 2003 345 2089 quod
361 2004 457 2066 alico
472 2001 597 2085 Optimo
610 2001 759 2081 Maximo,
776 2003 830 2083 qui
846 2002 878 2066 in
895 2004 1048 2066 exaranda
1062 2023 1088 2066 a.
1102 2003 1268 2087 Scriptura
1284 2023 1347 2086 ope
1362 2024 1449 2066 reve·
1532 2055 1533 2092 3

261 2108 387 2176 lationis
405 2116 437 2173 et
452 2109 667 2192 inspirationis
684 2109 875 2189 intercessit,
893 2116 1055 2193 exspectes
1072 2111 1235 2174 consilinm
1245 2111 1344 2190 aliud,
1361 2132 1448 2195 quam

262 2224 298 2282 ut
320 2221 529 2302 perducantur
545 2218 685 2282 homines
701 2218 739 2280 ad
754 2215 847 2280 linem
863 2238 950 2280 suum
974 2219 1132 2298 ultimum,
1153 2220 1302 2282 virtutem
1326 2219 1448 2284 scilicet

261 2347 383 2408 veram,
408 2347 487 2412 quae
503 2325 685 2390 felicitatem
703 2325 848 2390 comitem
864 2335 958 2412 atque
974 2328 1131 2411 sequelam
1147 2327 1283 2390 habeat?

631 2578 657 2644 s.
674 2575 727 2634 itt.
744 2575 887 2636 tonsillam
903 2575 930 2634 h
946 2575 1077 2638 inmens.

348 2763 397 2825 ux
412 2762 523 2826 iisdem
537 2762 677 2826 fontibus
692 2764 858 2845 petendum
875 2767 924 2826 est
940 2761 1103 2826 consilium
1123 2760 1161 2823 A.
1180 2759 1215 2822 F.
1245 2758 1286 2823 ΙΙΙ
1308 2761 1446 2844 quamvis

260 2867 350 2934 iocos
372 2872 452 2936 Rom
475 2870 517 2952 X,
542 2873 573 2936 h.
609 2873 707 2937 stoa
727 2875 810 2954 lepis
833 2873 986 2936 Christus
1008 2873 1234 2956 adjustitiam
1260 2875 1353 2933 omni
1376 2891 1445 2933 cre*

259 2979 808 3059 deoticoll.Hebr.Vll,18.19.
836 2981 908 3059 ΧΙΙ,
937 2985 967 3046 2.
996 2981 1097 3042 minus
1118 2983 1206 3042 reete
1239 2979 1278 3040 dc
1313 2977 1444 3042 consilio
1532 3049 1533 3052 Ἴ

258 3091 296 3151 Α.
314 3090 349 3152 F.
365 3085 499 3174 intelligi
515 3089 674 3169 videatur,
699 3088 769 3154 Gal.
786 3090 844 3168 ΙΙΙ,
867 3090 921 3156 24.
948 3095 1050 3154 tamen
1074 3090 1151 3154 haec
1168 3087 1356 3172 Scripturae
1375 3106 1445 3171 pars

258 3201 368 3280 aperte
395 3217 456 3282 qna
482 3199 681 3283 paedagogus
712 3198 943 3278 consideratur,
968 3217 1030 3279 quo
1054 3195 1214 3260 erudiendi
1237 3196 1382 3259 homines
1409 3191 1445 3258 ad

258 3305 419 3369 meliorem
434 3306 628 3391 religionem,
646 3307 751 3371 etheo
768 3327 892 3392 quoque
909 3307 1089 3370 introducta
1105 3305 1304 3382 ll.Ti1u.lli,
1323 3305 1379 3368 16.
1395 3308 1442 3368 17.

152 3435 164 3464 ·
257 3417 358 3478 adhuc
374 3417 465 3479 utilis
480 3415 658 3479 declaratur
673 3415 719 3479 od
733 3416 931 3496 decertatum,
954 3415 1176 3498 arguendum,
1199 3415 1444 3494 corripiendum

259 3522 518 3610 (emendandum)
542 3534 576 3587 et
596 3523 814 3587 erudiendum
835 3527 871 3585 ia
883 3526 1035 3608 justicia,
1058 3534 1095 3587 ot
1109 3523 1278 3605 perfectus
1292 3525 1342 3584 cir
1354 3523 1443 3583 lemno

258 3633 341 3712 Dei,
365 3633 412 3696 od
432 3652 526 3695 omae
547 3651 631 3714 epus
651 3631 770 3695 honum
794 3628 918 3718 (cilicia
934 3651 1145 3712 quaecumque
1160 3628 1370 3715 praestanda)
1393 3633 1443 3691 in-

256 3741 411 3804 structos.
447 3741 471 3802 F
497 3738 608 3822 quihus
630 3744 662 3803 et
684 3739 755 3802 aliis
777 3738 915 3822 ejusdem
941 3739 1067 3824 generis
1082 3737 1162 3802 locis
1178 3737 1290 3802 saltem
1306 3737 1341 3799 iu
1358 3744 1443 3799 certo
1532 3809 1533 3820 ,

257 3850 407 3927 insertur,
437 3846 742 3930 antiquumFoedus
769 3848 920 3931 scriptum
949 3868 1035 3928 esse,
1067 3851 1103 3910 ut
1128 3846 1240 3932 religio
1269 3847 1444 3929 perfectior

259 3955 379 4022 Christi
408 3961 664 4038 praepararetur,
697 3955 771 4040 quin
797 3955 855 4020 hac
882 3957 1062 4020 introducta
1087 3956 1210 4019 resinat
1240 3955 1331 4018 utilis
1364 3975 1442 4032 esse,

257 4062 460 4146 peculiariter
483 4063 645 4148 religionis
670 4065 795 4128 doctori
808 4063 859 4146 li).

275 4187 278 4203 ¹
347 4171 468 4252 Quodsi
493 4173 606 4236 iterum
634 4173 673 4234 ad
698 4174 735 4235 A.
753 4173 788 4236 F.
818 4177 1031 4257 argumentum
1048 4170 1254 4252 attendimus,
1279 4173 1440 4258 idipsum,
1532 4163 1533 4212 l

256 4283 348 4366 paulo
364 4288 468 4345 tamen
484 4282 672 4361 accuratius,
688 4283 818 4364 patebit,
843 4301 971 4365 scopum
989 4281 1056 4365 ejus
1072 4301 1181 4365 nempe
1196 4283 1313 4364 fuisse,
1339 4301 1441 4346 vorans

256 4391 440 4477 religionem
468 4392 669 4456 introducere
697 4396 731 4454 et
759 4411 960 4470 conservare,
1001 4390 1134 4474 primum
1160 4388 1194 4453 in
1227 4387 1440 4468 eustachia,

256 4499 328 4564 dein
354 4501 386 4563 in
420 4499 536 4582 populo
558 4498 703 4583 integro,
727 4499 759 4560 ia
784 4520 874 4583 quem
896 4496 951 4560 illa
973 4500 1127 4582 excreuit,
1153 4519 1212 4580 opc
1235 4499 1439 4575 theocratiac,

255 4607 338 4692 illius
355 4609 507 4694 temporis
524 4609 665 4672 culturae
681 4613 713 4670 et
730 4607 972 4670 circumstantiis
989 4627 1120 4689 prorsus
1131 4610 1373 4692 accomodatas,
1397 4611 1437 4671 ita
