3092 5286
276 477 351 552 180

270 657 367 732 creat,
396 649 451 714 ubi
472 652 526 712 aut
552 647 686 734 loquens
701 647 769 732 ipsa
801 649 1028 734 expositionem
1054 654 1159 735 addit,
1190 661 1245 719 aut
1268 658 1454 722 sententiam

268 759 470 845 principalem
497 757 678 843 subjungit,
722 762 776 820 aut
799 759 922 822 dicendi
946 761 1143 826 occasionem
1175 773 1401 830 commemorat
1412 765 1452 853 ³).
1477 750 1479 756 ⁵

265 869 325 933 Ubi
341 891 416 932 vero
438 873 501 930 tam
518 867 684 951 perspicua
704 885 816 929 sensus
832 867 949 930 indicia
976 870 1104 950 desunt,
1128 873 1166 935 ad
1189 875 1298 936 eadem
1319 874 1451 937 admini-

267 977 358 1054 cula,
382 995 461 1058 quae
480 974 628 1056 saprade
652 973 842 1055 explicandis
866 974 1120 1044 similitudinibus
1145 983 1177 1042 et
1199 981 1397 1064 metaphoris
1419 1003 1453 1045 ac

266 1084 426 1170 allegoriis
448 1081 643 1160 tradidimus,
671 1103 730 1165 pro
762 1083 912 1164 qualitate
944 1085 1087 1171 imaginis
1118 1109 1285 1153 recurrere
1314 1096 1452 1174 oportet.

265 1195 338 1256 Pari
353 1193 445 1256 modo
465 1190 497 1252 in
519 1192 580 1254 boe
597 1210 722 1274 quoqne
738 1190 861 1254 dicendi
876 1212 991 1278 genere
1013 1194 1176 1276 explorata
1202 1197 1350 1261 doctrina
1366 1201 1452 1282 priu-

265 1301 369 1386 cipali,
386 1321 464 1384 quae
482 1321 543 1362 aon
560 1319 620 1361 una
636 1318 760 1382 semper
771 1319 806 1362 re
822 1301 1006 1381 absolvitur,
1029 1305 1084 1366 sed
1100 1325 1329 1390 nonnumquam
1346 1308 1451 1390 plures

266 1410 496 1494 complectitur,
513 1408 749 1494 distinguendae
765 1413 838 1474 sunt
853 1414 976 1494 partes,
994 1432 1072 1496 quae
1089 1411 1120 1474 iu
1136 1434 1229 1478 sensu
1245 1415 1306 1478 vim
1325 1417 1450 1499 babent,

265 1521 377 1601 abiis,
397 1539 475 1604 quae
495 1517 597 1582 salum
619 1518 657 1582 ad
676 1517 881 1581 attentionem
905 1519 1115 1602 excitandam,
1133 1523 1171 1586 ad
1194 1523 1374 1606 parabolam
1401 1525 1450 1590 vel

259 1630 394 1694 tabulam
411 1628 636 1704 exornandam,
660 1631 714 1690 aut
736 1627 774 1689 ad
791 1627 1093 1694 verisimilitudinem
1108 1633 1278 1716 aagendam
1296 1635 1449 1696 advocan-

257 1745 313 1804 tur
323 1739 366 1826 t).
390 1738 576 1820 Plerumque
589 1733 718 1800 difficile
734 1755 796 1798 non
813 1741 863 1800 est
878 1736 1060 1820 dijudicare,
1077 1758 1225 1820 quaenam
1238 1746 1347 1824 partes
1360 1763 1449 1826 para·

257 1849 350 1912 bolae
365 1847 414 1910 vel
429 1845 553 1910 tabulae
578 1845 616 1908 ad
640 1863 783 1924 seusam,
808 1849 840 1909 et
856 1865 935 1928 quae
956 1867 1042 1912 mere
1062 1849 1101 1912 ad
1121 1825 1332 1913 elocalticnem
1350 1853 1447 1934 perti·

258 1961 373 2034 ocant,
398 1974 625 2038 nonnumquam
647 1957 751 2016 tamen
775 1955 833 2017 bac
850 1955 888 2018 de
904 1974 940 2018 re
955 1955 1080 2018 dubium
1096 1961 1196 2019 restat
1205 1949 1248 2044 ⁵).

347 2063 467 2143 Quodsi
484 2063 632 2144 quaedam
648 2061 844 2126 narrationes
856 2083 882 2126 s.
896 2063 1080 2146 Scripturas
1095 2064 1138 2126 ita
1156 2070 1356 2148 comparatae
1372 2066 1445 2148 sint,

264 2178 299 2236 ut
321 2172 495 2253 dubitetur,
523 2191 594 2234 uum
616 2170 680 2233 siut
702 2170 869 2253 parabolae
891 2190 930 2234 aa
951 2171 1058 2252 potius
1078 2191 1170 2236 verae
1192 2173 1363 2256 historiae,
1394 2178 1446 2237 aut

264 2286 350 2343 certe
364 2281 444 2343 tales
459 2301 517 2363 pro
533 2280 732 2342 laudamento
750 2281 899 2362 babeant,
923 2279 956 2342 id
972 2281 1073 2364 quoad
1088 2280 1380 2363 interpretationem
1397 2283 1444 2345 ni-

261 2388 305 2452 bil
322 2386 438 2468 relect,
461 2387 640 2450 nemetiam
664 2387 695 2450 in
719 2389 889 2470 posteriori
913 2409 987 2452 casu
1009 2388 1224 2469 narrationes,
1256 2394 1369 2473 utpote
1391 2411 1446 2474 per

262 2498 384 2560 modum
402 2496 567 2578 parabolae
582 2496 704 2580 positae
727 2518 784 2561 ceu
807 2498 927 2584 siguum
952 2497 1082 2561 alterius
1105 2495 1265 2580 cujusdam
1282 2499 1444 2562 doetrinae

263 2611 429 2671 eventusve
446 2606 529 2668 sicut
544 2606 710 2688 parabolae
726 2607 969 2670 considerandae
986 2611 1018 2671 et
1034 2605 1233 2690 explicandae
1249 2611 1322 2668 suut
1339 2603 1382 2692 ⁶).

283 2787 308 2854 ¹)
329 2791 431 2840 Utilitas
450 2789 588 2850 parabolae
607 2797 634 2837 et
652 2791 756 2838 tabulae
777 2790 944 2850 sequentibus
963 2790 1122 2851 potissimum
1142 2791 1300 2838 ostenditur:

301 2881 334 2944 a)
363 2881 537 2929 Attentinnem
558 2881 704 2928 auditorum
723 2882 764 2928 sel
777 2882 904 2928 tectorum
922 2884 1026 2941 acuunt,
1044 2883 1135 2941 utpute
1153 2881 1316 2928 narrationes
1336 2893 1353 2927 s
1368 2879 1443 2927 rebar

363 2973 445 3019 obviis
455 2973 596 3031 repetitas,
616 2973 701 3020 viride
715 2973 862 3031 descriptae
874 2976 901 3019 et
915 2973 947 3019 ad
956 2973 1134 3021 delectandum
1144 2975 1171 3018 et
1190 2971 1342 3019 movendum
1359 2975 1440 3030 aptae.

299 3061 334 3124 b)
349 3053 488 3110 'veritates
510 3063 675 3122 abstractas,
704 3062 821 3119 luprimis
842 3063 1006 3110 sublimiores
1027 3063 1112 3122 eaptui
1131 3063 1274 3113 bominum,
1295 3061 1340 3120 qui
1360 3061 1441 3121 potis-

362 3154 450 3200 simum
464 3165 480 3198 s
492 3153 613 3199 sensibus
632 3153 753 3212 pendent,
773 3154 974 3212 accommodant,
993 3152 1049 3200 ilias
1064 3152 1136 3211 quasi
1152 3150 1183 3198 ob
1199 3151 1292 3197 oculos
1305 3154 1440 3210 ponentes.

361 3243 405 3290 Sic
421 3257 446 3290 e.
458 3256 482 3302 g.
498 3243 622 3303 parabola
637 3243 667 3288 de
683 3243 800 3302 plantata
815 3245 890 3289 vinea
908 3242 997 3290 blattis.
1009 3243 1072 3298 11111,
1093 3243 1135 3290 33.
1155 3255 1211 3302 sqq.
1232 3244 1258 3288 et
1276 3241 1309 3288 de
1328 3240 1440 3288 debitore
1530 3263 1531 3297 q

361 3334 424 3380 ibid.
440 3334 533 3394 xviii,
562 3333 690 3394 21-35.,
718 3337 900 3392 praeterquam
928 3334 996 3393 quod
1022 3333 1055 3380 sd
1083 3332 1252 3380 meditandum
1280 3342 1440 3390 summopere

361 3425 485 3481 excitant,
513 3424 654 3470 doctrinam
682 3426 821 3483 spectatam
842 3425 915 3469 tento
934 3423 1029 3470 lumine
1049 3423 1218 3481 collustrant,
1238 3424 1266 3468 ut
1286 3421 1440 3468 clarioribus

358 3515 446 3563 verbis
465 3513 507 3561 rix
525 3515 637 3573 proponi
656 3515 796 3573 potuisset.

300 3599 332 3671 a)
360 3607 551 3664 Nonnumquam
570 3605 719 3660 veritatem,
746 3616 811 3664 quse
840 3605 908 3651 nuda
931 3603 1006 3650 nimia
1026 3600 1180 3660 offenderet,
1202 3600 1360 3660 aliquantum
1379 3613 1439 3648 eon·

360 3699 463 3755 tegunt,
492 3696 530 3741 uti
550 3695 673 3754 parabola
696 3695 819 3742 Natbsnis
839 3695 871 3742 de
892 3706 940 3740 ore
958 3695 1080 3754 pauperia
1106 3693 1136 3740 si.
1163 3691 1229 3738 Sam.
1247 3692 1313 3753 xis,
1337 3695 1362 3739 1.
1379 3703 1438 3752 sqq.
1526 3707 1527 3735 ι

359 3789 386 3833 et
406 3786 451 3832 illa
468 3785 559 3831 viduae
576 3784 608 3830 de
629 3781 680 3830 filio
700 3797 747 3831 suo
767 3785 854 3831 occiso
871 3797 886 3830 a
903 3785 982 3832 matre
1005 3786 1037 3832 11.
1058 3781 1126 3829 Sam.
1145 3781 1212 3838 xiv,
1234 3783 1259 3828 1.
1277 3794 1336 3841 sqq.
1366 3781 1438 3828 Gaui.

360 3887 461 3936 quoque
476 3875 538 3921 buc.
552 3873 615 3930 Xiv,
637 3876 678 3922 iti.
699 3888 755 3934 sqq.
784 3877 837 3921 luno
856 3886 1010 3922 consensum
1028 3871 1190 3921 auditoribus
1209 3872 1338 3930 eripiunt,
1365 3883 1437 3932 quem

358 3967 564 4024 praeconceptae
593 3964 726 4024 opiniones
755 3965 818 4014 aliae
854 3967 911 4013 stne
938 3965 1070 4012 involucro
1099 3961 1238 4023 parabolae
1267 3961 1437 4021 impedirent,
1523 3975 1524 3980 ¹

359 4056 398 4102 uti
415 4055 477 4102 buc.
496 4055 532 4114 x,
552 4055 669 4102 ati-at.

298 4146 332 4208 d)
359 4147 474 4206 Denique
495 4128 638 4192 memorism
657 4145 793 4204 adiuvant,
812 4140 870 4192 dum
890 4143 913 4192 ei
932 4145 1065 4192 doetrinae
1085 4140 1205 4191 sensibus
1231 4142 1326 4190 aeriter
1353 4140 1438 4188 edmo-

359 4241 399 4286 tas
419 4237 495 4284 altine
512 4236 673 4298 imprimunt,
694 4239 720 4284 et
742 4239 892 4284 recurrente
913 4247 1019 4292 samm,
1049 4247 1065 4281 a
1089 4234 1181 4295 quibus
1208 4233 1342 4282 desumtsa
1371 4233 1439 4289 sant,

361 4330 469 4388 aspectu
487 4326 655 4374 resuscitent.

395 4417 529 4478 Elegantia
548 4417 634 4463 nitent
651 4415 751 4464 tabulae
769 4417 830 4464 Jud.
849 4417 894 4474 111,
914 4418 939 4464 8.
956 4429 1012 4478 sqq.
1032 4416 1064 4463 de
1083 4411 1217 4462 arboribus
1234 4423 1321 4472 regern
1340 4411 1437 4458 electu·

358 4511 411 4569 ris,
431 4510 458 4555 et
468 4508 501 4553 11.
521 4507 585 4565 Reg.
603 4506 668 4558 siv,
688 4507 712 4553 9.
733 4507 764 4553 11.
780 4507 876 4554 cirron.
896 4507 969 4566 XXV,
992 4507 1033 4554 18.
1051 4506 1082 4553 de
1092 4505 1187 4552 carduo
1198 4499 1279 4549 filiam
1297 4501 1369 4550 aedri
1387 4498 1437 4546 filio

358 4611 406 4647 sue
426 4611 530 4646 uxorem
550 4598 718 4658 postulante3
738 4597 798 4646 item
817 4595 1084 4659 percensuerunt,
1108 4597 1150 4644 11.
1172 4606 1230 4654 sqq.
1251 4577 1283 4641 de
1303 4591 1357 4640 illo
1373 4601 1434 4650 pre·

360 4692 418 4752 11ςο
424 4723 433 4750 ,
454 4693 482 4740 ut
500 4691 564 4738 alias
584 4689 721 4738 mittamus.
