3118 5282
1242 415 1315 490 361

136 615 198 678 qne
213 595 252 658 ad
268 613 371 658 mores
387 593 568 658 formandos
584 591 790 656 saluberrime
806 596 977 676 sequantur
992 587 1047 676 ¹¹).
1073 587 1107 654 ld
1124 593 1200 654 adeo
1224 591 1324 654 mani·

135 703 252 766 festum
269 705 328 784 est,
352 708 387 766 ut
402 701 464 785 ipsi
479 704 703 784 protestantes,
720 703 848 764 nostrae
864 701 1059 784 potissimum
1081 701 1193 763 aetatis
1217 705 1322 762 caete-

135 809 185 873 ris
201 812 375 896 aequiores,
408 811 629 894 praestantiam
644 811 772 872 Petrum
788 809 821 872 in
837 809 961 894 exegesi
975 807 1091 871 biblica
1108 807 1235 872 disertis
1247 801 1323 870 ‘ver-

131 918 183 980 bis
199 919 380 1002 praedicent
407 923 501 1002 atque
529 940 566 982 eo
594 918 791 1002 potissimum
819 919 1032 1002 comprobent,
1056 918 1139 1000 quod
1165 917 1197 980 in
1224 915 1323 998 expli-

133 1028 233 1090 canda
247 1046 272 1088 s.
290 1026 459 1111 Scriptura
474 1046 567 1110 saepe
582 1027 655 1090 illos
672 1027 768 1090 duces
784 1027 950 1090 adhibeant
972 1021 1028 1111 ¹²).

163 1185 186 1252 ¹)
205 1193 273 1240 llaec
286 1193 359 1252 justo
377 1194 496 1240 severior
519 1196 546 1238 et
565 1193 677 1252 iniquior
696 1204 806 1240 censura
825 1191 1047 1252 iuterpretaticnis
1059 1195 1207 1238 sanctorum
1217 1190 1320 1237 Petrum

205 1283 231 1329 in
254 1284 392 1346 operibus,
421 1295 499 1342 supra
525 1283 551 1342 s.
582 1283 644 1329 aad.
672 1283 698 1328 in
727 1289 788 1330 nota
812 1283 967 1338 recensitis,
1004 1281 1144 1342 praecipue
1174 1283 1199 1328 ln
1229 1281 1320 1327 lllcb.

205 1371 317 1418 Simon
336 1371 401 1418 llist.
422 1371 482 1418 crit.
503 1373 538 1418 du
557 1372 585 1418 V.
604 1371 633 1418 Τ.
652 1372 683 1418 Β.
699 1373 743 1419 ΙΙΙ.
765 1377 792 1420 et
810 1372 834 1420 J.
849 1371 879 1418 G.
899 1371 1137 1419 Bosenmdller
1155 1372 1221 1418 llist.
1238 1371 1319 1417 inter-

203 1466 297 1522 pretat.
317 1463 346 1510 b.
365 1464 395 1509 ll.
416 1466 442 1509 et
460 1464 505 1508 lll.
525 1463 645 1509 babetur.
683 1463 721 1510 lle
748 1463 828 1522 priori
849 1476 900 1509 non
924 1464 1104 1520 minuerem,
1133 1475 1207 1520 quam
1234 1463 1320 1508 tacete

204 1553 393 1600 liosauetus
413 1553 520 1600 scribit:
541 1551 630 1611 „Pom-
650 1554 723 1599 venir
742 1565 792 1598 aux
810 1551 1070 1612 iuterprdtsslatlns
1090 1552 1124 1598 ll.
1146 1549 1257 1598 Simon
1276 1555 1319 1596 est

203 1645 234 1690 ds
253 1645 276 1691 si
297 1643 348 1690 bon
371 1637 447 1702 godi,
476 1642 540 1704 qu’il
560 1655 592 1689 ne
620 1637 706 1701 parsit
733 1643 841 1690 eatimer
859 1643 1070 1700 veritablement,
1103 1655 1151 1702 quo
1178 1643 1203 1688 le
1223 1643 1316 1687 Diacre

201 1733 295 1780 llilaire
322 1733 504 1792 schismaliquc
529 1732 690 1788 buelierisn,
721 1736 748 1778 st
776 1733 871 1792 Pelage
901 1730 1090 1790 l’hdrtsiarque
1126 1756 1160 1764 —
1197 1727 1319 1790 ajoutant

200 1821 295 1886 mima,
314 1825 376 1884 qu’il
393 1837 409 1882 y
428 1837 444 1870 a
462 1836 513 1883 peu
531 1824 661 1870 d’ancieus
679 1823 882 1871 commentaires
902 1837 947 1870 sur
965 1824 1003 1870 les
1024 1819 1123 1883 epitres
1144 1824 1175 1870 de
1194 1821 1222 1869 S.
1244 1823 1316 1879 l'snl,

198 1921 225 1962 ei
243 1911 324 1962 mima
343 1926 388 1961 aur
402 1918 460 1961 tout
477 1915 502 1960 le
521 1913 552 1961 N.
573 1913 618 1968 T„
637 1915 715 1974 qu‘on
736 1913 824 1972 puisse
847 1926 984 1973 comparer
1002 1911 1158 1960 beelei-li.
1178 1936 1212 1946 -
1239 1909 1318 1958 Voilb

201 2007 268 2052 donc
285 2005 324 2052 les
342 2006 408 2052 deux
432 2007 536 2050 auteurs
562 2003 594 2050 de
613 2003 647 2050 bi.
669 2003 774 2066 Simon,
803 2008 829 2051 et
844 2003 872 2063 js
891 2017 924 2051 ne
952 2005 1005 2050 sais
1025 2003 1108 2064 lequel
1127 2004 1172 2049 des
1198 2002 1314 2060 enciens,

201 2096 274 2143 selon
292 2096 345 2154 lul,
365 2109 397 2141 on
416 2095 472 2142 leur
491 2096 607 2154 pourrait
625 2107 759 2152 comparer
787 2095 850 2141 dans
869 2095 1043 2154 l’expllcation
1062 2095 1107 2140 des
1126 2093 1203 2140 lieres
1223 2093 1315 2139 saints.

202 2187 229 2234 S.
249 2182 433 2244 chrysostdme
451 2186 595 2244 n’apprcnd
614 2198 661 2242 pas
680 2186 704 2232 la
723 2183 814 2244 lettre,
845 2184 873 2230 S.
901 2179 1005 2230 Jerdme
1035 2197 1068 2230 na
1097 2184 1220 2230 raisonne
1244 2197 1313 2242 pas3

201 2276 227 2323 S.
240 2276 375 2322 Ambroiae
386 2301 419 2310 —
437 2279 478 2321 cst
495 2301 525 2310 -
541 2276 588 2321 mis
602 2275 735 2333 beaucoup
749 2276 907 2322 au·dessnua
926 2275 960 2321 du
978 2275 1063 2321 diacre
1076 2275 1182 2321 llllaire.
1203 2297 1237 2307 -
1259 2275 1313 2332 Qua

200 2367 332 2414 reste-t-il
357 2367 424 2412 donc
452 2363 467 2412 d
492 2363 610 2426 l’dglisc,
641 2365 665 2412 si
681 2379 732 2412 non
751 2367 866 2426 llilairs,
886 2369 913 2413 ct
940 2365 1048 2426 Pelage,
1076 2365 1120 2426 qni
1139 2365 1223 2425 j0inls
1247 2377 1310 2412 avec

202 2435 280 2502 Socln
300 2460 326 2504 si
344 2454 450 2502 Grotius
470 2454 506 2501 lui
525 2456 704 2514 apprendront
722 2457 748 2502 le
767 2469 827 2503 sens
846 2435 982 2502 litterali”
1011 2457 1123 2503 Defensa
1143 2457 1174 2501 da
1199 2457 1225 2502 la
1243 2445 1310 2501 Tra·

199 2547 280 2592 dition
299 2550 326 2593 et
344 2545 389 2592 des
410 2546 437 2592 S.
459 2545 547 2593 Perea.
577 2547 630 2592 biv.
648 2545 690 2592 lV.
711 2548 785 2606 cbap.
807 2547 850 2592 ll.
870 2547 941 2592 Tom.
961 2549 980 2592 l.
1000 2561 1026 2606 p.
1047 2547 1098 2593 eol
1118 2560 1178 2606 sqq.

157 2627 182 2696 2)
201 2636 322 2682 Proiecto
349 2635 513 2694 Origenes
539 2636 640 2695 linguae
659 2637 797 2683 hebreicae
823 2649 875 2682 non
898 2637 948 2683 init
974 2637 1063 2692 rudis,
1091 2636 1315 2702 Hieronymus
1357 2645 1359 2649 ·

200 2725 227 2770 in
247 2739 277 2772 ea
294 2725 343 2772 luit
365 2725 566 2772 versatisslmus.
603 2727 636 2772 lut
662 2728 719 2785 quis
745 2727 847 2784 credet,
872 2726 1087 2784 Ephraimurn
1115 2724 1244 2784 Syrum,
1271 2727 1314 2784 qui

199 2815 309 2863 dialecto
328 2817 429 2875 linguae
452 2815 591 2863 hebraicae
621 2817 685 2863 adeo
710 2815 779 2863 adini
802 2816 926 2863 utebatur
948 2819 1099 2872 vernacula,
1128 2817 1204 2876 buius
1228 2818 1311 2864 misse

198 2905 364 2964 imperitum?
384 2905 460 2952 coni.
480 2905 505 2964 s.
526 2907 621 2951 231-
633 2906 694 2952 233.

153 2987 179 3055 ³)
199 2996 271 3042 lnter
291 2998 382 3043 Patres
408 2996 503 3043 latinos
529 2996 759 3055 Hieronymum
777 3000 803 3043 et
831 2999 1046 3058 Augustinurn
1075 2999 1177 3057 linguas
1201 3009 1310 3056 graecae

197 3087 299 3146 peritos
322 3087 419 3144 inisse,
438 3087 462 3145 s.
482 3087 544 3132 233.
564 3089 625 3132 nota
645 3089 670 3133 l.
693 3088 763 3134 eit.
783 3089 937 3136 monuimus.
976 3088 1027 3136 Sed
1053 3089 1213 3148 quisdicat,
1245 3089 1312 3134 illam

197 3189 249 3222 non
271 3177 347 3222 ctiam
376 3177 566 3223 eruditissimos
592 3179 749 3238 episcopos,
770 3180 931 3226 Hilarium
957 3181 1226 3233 pictaviensem,
1246 3180 1310 3224 Aor-

196 3266 357 3324 brosium‚
378 3266 574 3326 Gregorlum
593 3269 626 3314 Μ.
646 3269 765 3328 aliosque
781 3271 910 3324 calluisse,
930 3283 987 3316 cum
1002 3283 1032 3316 sa
1048 3275 1133 3316 aetate
1153 3271 1179 3314 in
1198 3269 1307 3326 irnperio

196 3357 311 3405 ltomano
334 3369 391 3404 -uon
410 3362 508 3404 mutum
527 3361 595 3406 inter
613 3362 753 3421 cultiores,
784 3363 830 3408 sed
855 3362 880 3406 in
904 3363 981 3419 vulgo
1008 3373 1110 3420 quoque
1134 3363 1206 3406 essct
1230 3358 1312 3404 usita-

197 3449 305 3494 tissima.

150 3529 176 3602 ⁴)
196 3538 241 3584 Sic
261 3537 437 3598 Origenes
456 3548 483 3586 et
501 3541 739 3600 Hieronymus,
759 3543 803 3602 qui
816 3545 842 3589 in
853 3543 1000 3591 Palaestina
1015 3543 1107 3590 multos
1125 3553 1204 3587 annos
1222 3540 1310 3586 sedem

198 3627 356 3682 babuerunt,
384 3632 409 3676 el
429 3629 618 3688 Gregorius
639 3633 931 3694 insumaturgus,
952 3634 995 3692 qui
1015 3630 1171 3679 diuturniori
1190 3633 1308 3690 tempore

195 3718 315 3777 (trigonis
334 3717 478 3766 Caesareae
497 3720 523 3765 in
541 3719 687 3768 Palaestina
700 3722 840 3782 discipulus
853 3725 910 3778 luit,
931 3723 1116 3784 geographiam
1128 3729 1154 3770 et
1173 3724 1307 3768 historiam

195 3812 280 3855 tarrae
298 3812 402 3854 sanctae
422 3815 449 3855 et
467 3811 606 3856 vicinarum
624 3811 774 3870 regionum,
802 3825 852 3860 nac
879 3827 930 3860 non
948 3827 1034 3862 mores
1059 3817 1087 3862 et
1105 3813 1309 3860 consuetudines

195 3901 376 3955 Orientalium,
406 3901 496 3960 quibus
525 3915 568 3950 res
597 3903 707 3950 biblicae
733 3906 905 3962 illustrantur,
928 3911 980 3954 tum
1005 3910 1177 3965 casaperta,
1206 3911 1258 3952 lum
1279 3917 1310 3950 ex

194 3992 347 4038 commercio
366 4005 422 4040 cum
441 3993 530 4038 incolis
550 3995 630 4052 probe
648 4009 758 4044 noscere
785 3998 939 4044 debuerunt.
978 3999 1047 4052 lilii,
1074 3999 1113 4044 uti
1144 3999 1309 4056 Ephraim

195 4079 303 4140 Syrus
322 4081 522 4140 otoni-illus
541 4085 815 4142 Alexandrinus,
836 4089 939 4134 theatro
959 4089 1071 4148 biblico,
1100 4092 1127 4133 ut
1156 4088 1191 4132 ita
1219 4087 1308 4136 dicam.

193 4172 312 4230 tempore
332 4174 359 4218 et
376 4172 434 4218 lucu
453 4175 604 4234 propinqui,
631 4189 662 4222 ax
685 4177 872 4238 antiquiorum,
901 4179 1046 4224 nominatim
1077 4175 1308 4224 Palaestinensium

193 4261 336 4308 traditione
353 4262 413 4308 illas
432 4264 538 4310 notitias
557 4266 765 4326 archaeologlcss
785 4268 853 4314 haud
869 4268 1009 4317 difficulter
1027 4269 1168 4327 petierunt.

147 4343 173 4410 ὅ)
192 4350 220 4400 S.
238 4353 405 4411 Basilius,
426 4357 556 4400 caeterum
569 4355 681 4403 Scholas
690 4356 879 4404 Alexandrinae
889 4360 1018 4418 addictus,
1033 4358 1137 4404 bomilia
1153 4359 1197 4405 lll.
1210 4367 1267 4402 nro.
1280 4359 1305 4402 a.

194 4442 220 4487 in
239 4443 416 4490 llexaemarnn
435 4445 471 4490 ita
489 4445 611 4491 disserit:
633 4447 752 4506 „Aliquis
772 4449 848 4494 etiam
867 4450 941 4496 nobis
960 4451 1085 4496 adversus
1113 4447 1306 4494 ecclesiasticos

180 4534 318 4601 'quosdam
335 4535 476 4592 scriptores
496 4536 528 4582 (le
547 4535 670 4583 discretis
689 4537 762 4596 aquis
782 4538 890 4598 (Genus.
903 4541 923 4595 l,
938 4538 980 4605 7.)
1000 4537 1132 4584 habendus
1151 4541 1193 4587 est
1211 4539 1304 4591 sermo,

195 4622 237 4681 qui
259 4633 389 4681 anagogas
410 4627 435 4670 et
454 4623 610 4678 sublimioris
629 4626 810 4686 intelligentiae
830 4636 931 4680 nomine
959 4629 1130 4688 conlegerunt
1151 4628 1183 4674 ad
1209 4627 1307 4688 allego·
