3118 5282
1240 347 1322 473 seo'
1386 335 1389 342 ’

225 580 257 642 2.
291 573 506 659 expressiones
529 569 723 636 difficiliores
744 572 924 653 intellectu,
948 579 980 636 ct
1007 574 1045 637 ob
1067 594 1157 655 qnam
1179 575 1317 636 demum·

133 705 255 767 cunque
271 703 395 748 cansam
410 682 561 745 obscurae
577 680 689 743 idonea
704 681 823 744 ratione
841 686 1050 764 exponentem

222 795 254 858 3.
283 812 336 856 res
368 791 513 872 antiquae
550 789 656 873 ipsae,
695 794 788 872 puta,
823 809 994 872 personae,
1031 790 1115 869 loca,
1149 789 1317 854 allusiones

130 899 316 980 historicae,
332 898 442 982 paucis
465 897 701 982 archaeologica
718 901 841 977 cuncta,
858 897 886 960 ei
902 919 962 962 non
978 903 1051 960 sunt
1074 897 1152 962 alias
1168 903 1217 960 eat
1233 902 1316 976 nom,

130 1007 269 1070 breviter
285 1006 502 1070 describantur
518 1011 550 1069 ct
566 1005 784 1084 illustrentur,

221 1116 253 1178 is.
287 1115 475 1198 praecipuae
497 1112 706 1197 expositiones
729 1113 952 1197 interpretum,
975 1113 1047 1176 binc
1072 1115 1145 1177 inde
1166 1113 1255 1176 valde
1279 1112 1317 1174 ab

13 1299 18 1320 ι
127 1223 261 1286 invicem
284 1221 505 1307 divergentes,
531 1226 695 1302 notentur,
718 1222 827 1305 paucis
856 1222 1085 1302 examinentur,
1110 1228 1141 1286 et
1169 1243 1248 1305 qnae
1274 1221 1315 1284 sit

52 1365 54 1370 ,
127 1329 265 1394 caeteris
281 1329 502 1412 praeferenda,
525 1329 726 1414 indigitetur,

218 1438 251 1504 5.
284 1439 406 1500 demum
434 1441 466 1498 et
492 1436 555 1500 loci
575 1437 718 1520 parelleli
739 1437 937 1517 iudicentur,
967 1442 1000 1501 et
1019 1437 1192 1523 generatim
1213 1436 1317 1500 omnia

125 1544 323 1625 referentur,
358 1564 437 1626 qnae
464 1565 522 1628 pro
549 1563 644 1608 sensu
670 1544 857 1609 illustrando
883 1548 917 1608 et
938 1545 1057 1610 certius
1081 1545 1313 1608 determinando

125 1653 240 1718 idonee
256 1657 435 1716 censentur.

216 1760 302 1824 llaec
318 1761 421 1824 omnia
435 1761 681 1844 itaperspicue,
703 1761 843 1824 breviter
858 1766 891 1824 et
912 1761 1004 1824 simul
1026 1761 1118 1844 plene
1141 1765 1237 1843 atque
1260 1781 1315 1824 ac-

127 1874 239 1933 curate
254 1867 349 1951 liant,
372 1875 408 1933 nt
424 1870 526 1933 omnia
542 1871 676 1934 obscure
692 1869 950 1954 explicationibus
967 1869 1182 1950 illustrentur,
1204 1889 1262 1952 per
1278 1889 1313 1933 se

130 1979 218 2042 clara
233 1981 337 2042 autem
352 1976 495 2042 inanibus
511 1977 773 2042 declarationibus
788 1999 850 2041 non
865 1981 1044 2042 onerentur.

157 2121 182 2186 ¹)
202 2129 241 2175 De
264 2128 412 2174 discrimina
439 2127 507 2173 inter
528 2127 628 2173 scholia
647 2130 675 2174 et
698 2127 799 2187 glossas
825 2127 988 2186 antiquorum
1011 2127 1070 2174 vide
1097 2127 1121 2186 s.
1140 2127 1185 2173 tl.
1212 2130 1268 2173 not.
1287 2129 1314 2174 2.

199 2218 408 2264 Praestentiores
435 2218 596 2264 scholiorum
619 2219 645 2265 et
658 2218 801 2276 glossarum
821 2217 985 2265 collectiones
1002 2231 1032 2264 es
1060 2218 1170 2277 antiquis
1193 2217 1313 2264 Patribus

199 2319 230 2354 ec
250 2307 425 2366 scriptoribus
447 2308 548 2367 graecis
569 2307 701 2356 desumtss
716 2307 818 2355 exbibet
832 2308 856 2368 ς.
878 2309 921 2354 73.
940 2314 994 2354 not.
1012 2309 1037 2354 3.

153 2391 179 2455 ²)
201 2398 272 2455 Quae
288 2399 451 2457 antiquorum
470 2397 567 2443 scholis
584 2401 611 2443 et
633 2397 756 2457 glossae,
775 2397 925 2444 discrimine
947 2397 1056 2458 quodem
1078 2396 1215 2444 observato
1233 2410 1311 2458 prse-

198 2487 337 2540 stitcrunt‚
359 2488 528 2534 recentiorum
544 2489 740 2543 annotationes,
767 2489 794 2533 in
811 2487 914 2534 illorum
943 2489 1026 2534 locum
1054 2489 1224 2535 succedentes
1248 2499 1313 2546 pro-

199 2577 295 2623 miscue
317 2580 457 2635 praestant.
495 2577 690 2624 Praestantiors
715 2577 791 2636 bujns
817 2579 1009 2624 exercitationis
1030 2579 1178 2636 exegeticee
1198 2577 1314 2636 exempla

201 2669 337 2715 exhibent:
370 2669 557 2716 emanuelis
582 2667 622 2715 Sa
651 2669 800 2716 Notationes
825 2671 851 2714 in
877 2673 956 2715 totam
987 2682 1010 2716 s.
1037 2669 1216 2728 scripturam,
1244 2670 1310 2715 Ant-

198 2771 269 2817 rerp.
283 2759 379 2817 ¹598„
401 2759 470 2819 qnod
488 2771 553 2818 opus
571 2762 675 2818 praeter
692 2757 787 2804 breves
807 2759 984 2804 annotationes
1004 2760 1030 2804 in
1049 2763 1131 2806 totam
1152 2758 1313 2817 Scriptursm

197 2849 294 2895 ecbolie
319 2851 346 2895 in
371 2855 480 2909 quatuor
504 2849 680 2908 evangelistae
706 2861 737 2894 ex
760 2849 868 2894 selectis
894 2853 1010 2894 veterum
1035 2851 1139 2894 Panum
1173 2827 1310 2895 sententiis

199 2940 313 2986 collecta
330 2940 524 2998 complectitur.
544 2942 571 2988 et
587 2938 759 2986 Guilielmi
780 2939 870 2986 llstii
889 2951 997 2998 opernm
1015 2939 1125 2985 omnium
1138 2939 1165 2984 in
1180 2951 1202 2984 s.
1224 2937 1313 2998 Scrip-

198 3036 282 3077 turam
303 3028 433 3093 (venetiis
454 3028 536 3095 1759)
557 3030 649 3078 lomus
664 3031 722 3090 lll.,
742 3043 791 3090 quo
804 3031 983 3076 adnotationes
998 3030 1025 3075 in
1044 3030 1183 3088 praecipua
1196 3035 1223 3076 et
1241 3027 1311 3074 diiii·

198 3121 288 3168 citiore
316 3133 338 3168 s.
363 3120 515 3182 lcrtptnree
539 3122 596 3168 loca
622 3122 795 3168 continentur.
829 3145 863 3155 -
900 3121 1030 3166 interdum
1058 3121 1126 3178 apud
1153 3121 1312 3166 recentiores

199 3210 362 3257 debeltorum
385 3213 487 3260 nomine
517 3212 698 3260 commentarii
724 3212 839 3258 veniunt.
887 3210 983 3258 confer
1006 3222 1029 3257 e.
1058 3223 1082 3270 g.
1109 3211 1177 3257 inire
1200 3210 1226 3270 s.
1247 3209 1309 3255 2tt.

199 3301 226 3346 in
245 3305 316 3347 nats.

152 3384 178 3456 ⁸)
198 3392 308 3451 Disponi
326 3394 437 3451 possunt
464 3394 541 3438 nome
564 3393 635 3440 raris
652 3391 767 3449 ratione,
792 3395 871 3450 prout
895 3392 1014 3438 diversus
1043 3402 1143 3450 quoque
1162 3392 1203 3436 eet
1223 3401 1310 3435 omnm

198 3479 265 3528 duis.
303 3480 448 3528 Generatim
475 3482 630 3528 commodum
653 3484 706 3537 est,
734 3481 907 3528 Scholiastem
929 3483 975 3527 ent
1001 3480 1178 3528 Glossatcrem
1205 3478 1308 3538 bonum,

197 3583 247 3630 uuo
266 3571 357 3630 aliquis
375 3571 463 3626 utitur,
481 3571 553 3617 toliis
572 3571 637 3618 albis
657 3571 826 3630 distinguere,
847 3573 873 3616 et
891 3583 938 3616 sno
958 3571 1016 3617 loco
1034 3582 1109 3624 nove,
1130 3581 1195 3630 quse
1215 3579 1311 3615 oecur-

196 3665 270 3719 runt,
290 3662 426 3720 inserere,
445 3665 489 3707 aut
508 3674 563 3707 cnm
582 3662 639 3719 ipse
657 3660 797 3707 bibliorum
816 3661 941 3720 editione,
959 3663 1000 3708 vel
1018 3672 1074 3707 cum
1092 3662 1243 3719 interprete,
1261 3661 1317 3720 quie

197 3751 224 3796 in
244 3752 330 3797 studio
348 3751 444 3798 biblico
463 3753 513 3796 dux
531 3755 586 3807 est,
616 3749 784 3798 sufficientem
805 3752 910 3800 chartae
929 3751 1002 3798 albae
1019 3755 1119 3812 partem
1140 3751 1315 3811 compingere

197 3843 240 3888 cul
257 3843 332 3888 notae
350 3842 520 3901 mandantur,
551 3845 595 3889 ant
622 3843 731 3903 denique
757 3842 867 3889 chartam
886 3844 1044 3900 separatam,
1071 3841 1153 3888 ordini
1171 3841 1312 3889 bibliorum

197 3944 337 3992 eorumque
348 3932 457 3993 partium
466 3933 653 3980 accomodatam
663 3945 828 3996 praeparare,
838 3947 904 3993 quse
914 3933 1070 3992 excipiendis
1083 3933 1151 3980 notis
1160 3933 1310 3980 destinetur.

583 4109 612 4178 S.
630 4105 685 4164 sta.
701 4105 856 4165 Trachine.

215 4253 347 4336 Antiqui
363 4254 536 4339 scriptores
553 4255 762 4321 ecclesiastici
776 4255 933 4342 ingenium
955 4278 1044 4322 sunm
1066 4254 1257 4342 exegeticnm
1280 4259 1314 4319 et

123 4361 271 4426 criticum
287 4361 380 4425 etiam
396 4361 606 4448 singularibus
621 4347 819 4430 mcmabbca
837 4365 967 4431 biblieie
982 4365 1184 4444 exercebant,
1201 4362 1314 4446 quibus

122 4490 204 4551 non,
228 4469 312 4533 sicui
332 4466 370 4534 iit
396 4491 454 4554 per
476 4471 709 4552 adnotationes,
738 4472 840 4537 omnia
862 4473 964 4538 minus
986 4473 1071 4538 clara
1092 4469 1312 4551 dilucidabant,

127 4580 183 4642 sed
201 4578 301 4644 solnm
317 4583 372 4642 ant
388 4579 526 4664 singulas
542 4581 689 4652 materias
704 4579 836 4646 biblicae
853 4605 914 4648 non
932 4586 981 4647 sat
997 4580 1147 4663 liquidas,
1172 4585 1224 4644 aut
1240 4599 1314 4663 spc-
