3118 5282
1229 447 1307 524 353

195 635 362 696 Evangelio,
391 633 472 682 dotus
501 631 690 695 Apostolorum
717 633 743 676 et
763 627 890 693 epistolas
916 629 1009 683 Pmttt,
1040 629 1066 676 in
1095 630 1186 690 qulbus
1207 631 1309 690 quidem

194 729 304 786 plurimu
324 739 355 773 ex
372 724 559 785 interpretibus
578 723 779 784 antiquioribus,
799 723 951 780 praesertim
972 723 1158 780 chrysostomo
1171 723 1311 784 excerpsit,

195 818 242 864 sod
261 821 288 862 et
303 827 363 862 suas
384 815 580 862 observationes
597 813 700 872 adjecit.
738 812 806 858 idem
829 813 886 859 tere
901 813 970 860 velet
990 813 1022 858 de

248 907 422 965 liuthymio
451 904 641 965 burbono,
674 903 772 950 saeculi
798 903 854 950 itti.
886 903 1029 963 scriptore,
1064 903 1138 962 eujus
1169 906 1310 962 supersunt

193 999 375 1046 Commenterti
397 997 423 1044 in
448 997 583 1049 Perimes.
603 997 628 1041 in
650 997 767 1056 quomov-
785 995 951 1055 iioonpetio,
979 995 1005 1040 iu
1030 995 1157 1057 epistolas
1181 994 1311 1042 Pontinos

196 1094 223 1136 et
247 1087 409 1138 t'otbolicus.
448 1088 511 1134 (ium
536 1087 729 1144 'theophylacto
762 1085 879 1144 inprimis
910 1097 1013 1131 sensum
1036 1085 1165 1132 literalem
1186 1088 1313 1141 sectatur,

192 1179 325 1234 breviter,
346 1178 455 1226 dilucide
473 1181 556 1224 temen
577 1177 713 1235 reterens,
734 1187 799 1235 quae
818 1178 849 1222 ad
866 1175 1057 1236 grammaticam
1076 1177 1315 1235 interpretationem

192 1269 300 1316 iaciunt.

392 1409 420 1476 t.
438 1404 498 1464 ttt.
514 1403 684 1476 interpretes
700 1403 792 1462 nentri
809 1403 917 1462 scholae
934 1403 1044 1462 addicti.

209 1557 341 1619 Praeter
356 1553 498 1618 laudatos
515 1553 649 1618 Scholae
665 1553 891 1618 Alexandrinae
905 1557 937 1616 ct
949 1552 1161 1614 Antiochense
1173 1549 1312 1614 asseclas

118 1665 296 1729 floruerunt
313 1663 419 1728 eudem
434 1663 502 1726 fere
519 1669 621 1727 aetate
638 1663 745 1747 piures
771 1663 825 1726 aiii
853 1661 994 1726 celebres
1010 1660 1210 1744 interpretes,
1233 1677 1313 1742 quos

118 1775 152 1836 in
170 1771 356 1858 singularem
374 1771 514 1836 ordinem
530 1772 706 1850 referimus,
731 1793 792 1835 uon
808 1777 871 1834 tam
886 1771 971 1852 idco,
995 1769 1079 1852 quod
1101 1768 1191 1852 quasi
1211 1767 1313 1830 media

118 1883 203 1945 inter
219 1881 419 1964 allegoricam
436 1885 468 1942 et
483 1879 636 1944 literalem
652 1879 880 1961 interpretandi
891 1879 1043 1941 rationem
1055 1877 1106 1939 via
1117 1875 1313 1952 incedebant,

120 2011 213 2075 qoam
235 1989 357 2072 potius,
382 1991 463 2072 quod
489 2009 591 2070 neque
616 1987 763 2073 Origenis
784 2008 885 2069 oeque
909 1984 1130 2070 chrysostomi
1152 1981 1316 2065 discipulis

120 2097 319 2162 adnumerari
334 2102 477 2179 possunt,
495 2103 605 2180 utpote
622 2098 674 2180 qui
689 2097 721 2159 in
745 2096 919 2180 exponendi
943 2113 1070 2157 munere
1091 2092 1196 2155 neutri
1221 2109 1313 2175 pres-

118 2207 187 2270 sius
230 2205 460 2284 adhaerebant,
500 2207 556 2269 scd
598 2207 636 2268 ab
674 2205 865 2268 auctoritate
897 2203 1062 2286 utriusque
1093 2201 1313 2264 discedendum

141 2315 281 2378 utabaut.

118 2337 139 2398 p
214 2424 356 2488 Cacteris
388 2425 587 2511 praeferendi
617 2431 713 2488 suut:
745 2425 1012 2508 Hieronymus
1051 2418 1311 2484 Stridonieu·

122 2533 181 2596 sis
200 2531 241 2620 ¹),
257 2531 448 2614 Ephradm
465 2533 593 2616 Syrus
609 2531 641 2616 2)
658 2539 690 2596 et
706 2532 954 2617 Augustinus
970 2527 1012 2613 ⁸),
1030 2549 1109 2611 quos
1126 2549 1216 2612 quam
1240 2523 1311 2610 piu-

119 2643 192 2708 rimi
208 2641 299 2704 medii
316 2641 384 2704 aevi
399 2642 590 2722 interpretes
606 2641 772 2706 imitandos
789 2643 988 2704 censuerunt.

153 2765 179 2836 ¹)
200 2771 362 2830 Sophron.
383 2771 552 2817 biusebius
573 2771 813 2828 hieronymus,
834 2769 995 2815 Stridouiiin
1014 2767 1140 2814 Delmatia
1155 2765 1315 2812 natuscirca

194 2873 288 2908 annum
313 2863 392 2916 331„
414 2859 533 2918 Gregorii
562 2861 719 2906 Nazianueci
745 2861 906 2918 discipulus,
930 2861 1047 2904 mortuus
1070 2855 1227 2902 Bethlehemi
1249 2865 1316 2900 auno

197 2951 276 3006 42⁰„
297 2953 319 2997 si
342 2952 446 3011 quaeris
463 2950 649 3010 expositionem
666 2949 801 3009 biblicam,
821 2951 941 2995 caeteros
958 2947 1051 2994 Patres
1070 2957 1156 2992 omnes
1172 2943 1317 3002 superavit,

192 3045 337 3098 propterea
352 3043 420 3088 iuter
439 3041 597 3098 interpretas
618 3051 706 3086 sacros
729 3039 852 3100 princeps
872 3037 903 3083 ab
925 3039 982 3095 ipsa
1004 3037 1122 3082 Ecclesia
1136 3039 1227 3080 nostra
1240 3033 1312 3078 salu·

192 3133 279 3184 tatus,
301 3141 366 3188 quae
389 3130 430 3174 die
461 3131 518 3189 ejus
546 3131 614 3174 testo
642 3127 744 3186 publice
769 3129 804 3174 its
830 3131 969 3183 precatur:
996 3126 1081 3182 Deus,
1113 3122 1158 3184 qut
1176 3121 1315 3169 Ecclesiae

194 3222 256 3266 tuae
278 3219 488 3280 interponendis
508 3218 599 3264 sacris
612 3217 762 3278 seripturis
782 3218 887 3264 beatum
912 3216 1103 3276 Hieronymum
1126 3209 1315 3273 masteces-ens

198 3313 289 3368 tuum,
315 3311 460 3357 Ductorem
476 3309 622 3356 maximum
639 3309 786 3370 procidere
806 3293 929 3368 dipnotus
950 3319 978 3354 es
999 3308 1048 3351 etc.
1079 3303 1132 3349 Nec
1153 3303 1242 3348 mirum
1262 3301 1313 3345 hoc

195 3405 256 3460 est,
276 3413 332 3446 uam
350 3405 530 3458 praetereare
544 3400 666 3458 judicium
684 3405 710 3445 et
720 3399 880 3445 indefessum
895 3409 1027 3444 sacrarum
1043 3393 1174 3440 literarum
1191 3392 1312 3447 studium,

195 3493 271 3537 etiam
298 3490 437 3544 subsidiis,
462 3501 527 3558 quae
554 3490 586 3534 ad
611 3495 708 3535 rectam
741 3489 982 3548 interpretationem
1006 3485 1193 3545 requiruntur,
1220 3482 1312 3528 melius

197 3593 273 3640 quem
292 3581 421 3640 quispiam
442 3581 507 3627 alius
527 3581 649 3638 provisus
674 3580 730 3626 iult.
770 3579 883 3626 callebat
905 3582 1009 3638 practer
1028 3579 1137 3634 linguam
1161 3573 1262 3620 latinam
1286 3576 1313 3620 st

194 3683 313 3730 graecam
334 3671 412 3716 etium
435 3671 599 3729 hebraicam,
637 3671 789 3716 chaldaicam
813 3670 903 3715 didicit
928 3669 981 3728 jam
1010 3679 1101 3724 senexq
1146 3664 1311 3710 doctissimos

194 3761 237 3808 sui
256 3761 380 3820 temporis
396 3760 553 3806 iudaeorum
579 3761 717 3818 magistros
741 3761 906 3820 consulebat3
926 3759 1061 3806 versiones
1091 3771 1199 3818 graecas
1225 3761 1310 3808 ilexa·

193 3853 295 3910 piorum
308 3851 484 3909 examinabat3
504 3853 529 3896 in
550 3851 701 3896 auctoribus
722 3849 879 3897 Graecorum
893 3855 919 3897 et
931 3851 1078 3896 Latinorum
1097 3851 1217 3898 classicis
1240 3851 1307 3900 bene

195 3945 317 3988 versatus
331 3945 404 4000 crat3
423 3941 559 3986 historiam
575 3945 601 3988 et
618 3942 800 4000 geographiam
817 3941 994 3997 Palaestinae,
1033 3939 1059 3984 iu
1080 3953 1129 3998 qua
1146 3941 1238 3988 multos
1262 3955 1309 3988 sn·

195 4043 243 4077 uos
265 4034 437 4075 commoratus
461 4033 518 4086 est,
538 4032 656 4090 apprime
675 4035 796 4089 noveret3
818 4031 1021 4076 consuetudines
1044 4029 1230 4090 Orientalium,
1251 4031 1309 4089 qui·

194 4119 243 4165 hus
265 4119 430 4178 antiquitates
449 4120 559 4166 biblicae
578 4120 751 4182 illustrantur,
771 4122 849 4168 iacile
873 4121 900 4164 in
924 4119 978 4166 vita
998 4119 1123 4165 communi
1143 4119 1308 4177 observabat,

192 4212 271 4268 atque
290 4209 449 4268 antiquiores
472 4209 629 4269 interpretes
658 4211 748 4257 sedulo
766 4209 879 4268 legebat.
911 4211 939 4254 iu
967 4208 1161 4267 interpretando
1187 4219 1252 4255 vero
1272 4213 1308 4259 ita

195 4303 314 4345 versatus
344 4303 398 4359 est,
418 4303 447 4345 ut
469 4301 560 4346 sensui
578 4301 671 4348 literali
696 4300 814 4360 inprimis
840 4289 974 4355 studeret,
994 4299 1128 4355 mysticum
1156 4301 1241 4346 autem
1261 4314 1309 4352 seu

194 4391 283 4449 potius
303 4391 468 4448 allegoricum
491 4401 543 4436 oon
563 4401 623 4436 ruro
649 4391 765 4450 quidem,
786 4391 833 4436 sed
855 4391 912 4437 iere
934 4393 1034 4438 tantum
1057 4389 1088 4434 ad
1111 4387 1308 4440 illustrationem

192 4491 225 4526 ac
249 4481 374 4526 orationis
395 4484 510 4527 ornatum
533 4485 684 4538 usurparet,
709 4485 735 4527 et
760 4481 818 4525 hinc
839 4480 898 4526 iudo
918 4479 993 4526 etiam
1015 4477 1168 4524 reiiexiones
1194 4482 1307 4530 morales

197 4574 376 4632 adspargeret.
413 4571 554 4616 nolendum
569 4584 651 4631 sanc,
671 4573 738 4631 quod
755 4571 918 4616 multitudiue
939 4569 1054 4616 laborum
1076 4569 1180 4626 saepius
1200 4577 1305 4620 coactus

194 4663 290 4715 luerit,
310 4663 402 4720 raptim
418 4665 444 4707 et
464 4661 618 4708 testinanter
635 4662 761 4720 scribere,
781 4662 878 4720 dequo
897 4663 954 4720 ipse
970 4673 1021 4708 nou
1035 4661 1113 4707 semei
1129 4664 1302 4722 conqueritur,

156 4781 237 4820 tierm.
257 4773 354 4816 biblios.
374 4773 401 4814 il.
1055 4768 1090 4820 23
