3092 5286
209 357 288 432 216

279 539 341 601 qnid
365 553 391 586 v.
412 539 457 587 tt.
486 537 652 598 provocando
677 536 710 584 cd
737 536 915 588 illisabethem
935 538 1041 586 innuere
1065 537 1188 586 voluerit.
1219 535 1284 584 (iun
1311 549 1402 597 nempe

279 632 344 678 mire
361 632 517 688 nuntiasset,
536 634 566 676 ut
584 629 736 678 adstrueret
752 627 840 684 tidem,
860 630 1005 690 exemplum
1025 630 1136 676 senioris
1156 629 1267 676 remim
1286 629 1402 676 sterilis·

279 733 330 780 que
348 721 463 777 adduxit,
488 731 538 779 quo
565 720 619 766 lice
639 719 740 776 omnis,
767 731 832 778 quae
860 719 885 766 ei
903 720 1065 780 placuerint,
1095 719 1233 779 possibilie
1258 723 1400 766 assereret.

282 813 355 858 Ocni.
375 824 399 857 s.
419 810 565 858 Amores.
585 809 808 857 [lib-1¹0iiilriie·
828 810 890 870 (lap.
910 811 931 858 l.
948 814 1010 870 post
1028 810 1084 864 init.

237 896 263 962 ι)
283 903 321 948 Ex
343 903 390 948 loca
408 901 508 948 ratione
527 901 560 947 iis
580 900 682 946 minime
701 899 988 960 adstipulamur,
1016 901 1060 960 qui
1084 899 1163 950 verba
1190 900 1295 946 Domini
1312 899 1403 946 until.

283 989 396 1050 xxviii,
418 989 653 1052 immitentes
673 1001 717 1036 cos
738 991 789 1034 etc.
809 991 836 1036 et
854 988 929 1036 ioan.
950 990 1011 1048 xli,
1036 990 1079 1036 2³.
1102 989 1220 1048 Quorum
1238 989 1404 1044 remiseritis

284 1081 398 1143 peccota
417 1083 466 1128 etc.
484 1080 601 1139 tropice,
622 1091 674 1125 non
697 1080 819 1138 proprie,
838 1079 984 1139 intelligere
1001 1079 1099 1126 voloni.
1120 1079 1195 1126 cont.
1216 1079 1298 1139 ΜΕ.

240 1163 267 1230 ⁸)
286 1171 326 1216 iia
342 1170 423 1228 Aper.
441 1170 513 1225 viil,
537 1172 563 1216 1.
575 1182 632 1230 sqq.
652 1172 752 1230 septem
767 1169 853 1230 angeli
872 1173 900 1218 et
918 1173 1019 1230 septem
1028 1170 1104 1218 tubae
1124 1170 1234 1216 ornmdi
1251 1169 1294 1216 vel
1313 1169 1405 1228 ampli·

284 1257 376 1306 flcandl
395 1271 474 1306 cause
492 1263 632 1319 ponuntur,
659 1262 687 1306 ei
704 1260 823 1318 proiecto
842 1260 911 1320 qued
929 1261 962 1307 ed
981 1261 1112 1308 notionem
1130 1261 1278 1320 generalem
1298 1271 1407 1318 reprec-

284 1351 432 1398 eentcndam
451 1350 598 1398 necessario
617 1351 711 1398 edesse
731 1350 842 1412 debeat,
862 1363 913 1399 non
932 1353 1103 1400 constituunt.

237 1434 265 1505 ι)
286 1441 340 1500 Sic,
356 1442 380 1489 al
395 1443 415 1488 i.
428 1441 502 1488 ioan.
522 1442 558 1498 ll,
577 1442 620 1488 ²⁰.
639 1443 783 1500 Apostolus
802 1442 909 1490 scribite
945 1444 997 1492 Vos
1017 1446 1106 1492 aetem
1123 1442 1278 1490 actionem
1305 1439 1407 1489 deleas

286 1547 303 1580 a
321 1534 425 1588 acacio,
447 1531 563 1580 cissitis
577 1532 666 1580 osenia
683 1528 804 1594 (πάντα),
823 1535 872 1580 hcc
891 1529 977 1582 πάντα
994 1536 1027 1584 de
1039 1535 1098 1582 solo
1113 1535 1250 1582 vertutum
1268 1531 1407 1593 religionis

285 1623 387 1683 notitia,
407 1636 459 1670 non
476 1623 508 1670 de
526 1623 584 1672 eliis
603 1624 737 1684 scientiis,
756 1624 857 1672 minime
877 1625 988 1672 omnium
1006 1625 1039 1672 de
1056 1625 1151 1672 lumine
1165 1625 1272 1672 interno
1285 1623 1408 1670 Pietista·

286 1726 341 1760 rum
357 1708 552 1774 intelligendum
562 1717 612 1774 eat,
632 1725 688 1761 cum
706 1717 838 1763 auctorem
856 1715 925 1765 solae
945 1716 1078 1774 religionis
1091 1717 1215 1762 veritates
1235 1726 1285 1775 per
1303 1713 1407 1760 institu-

285 1804 383 1850 tionem
395 1805 562 1863 apostolicam
575 1815 633 1851 cnm
644 1803 783 1852 lectoribus
799 1805 1001 1854 communicatas
1016 1809 1161 1865 spectasse,
1183 1803 1352 1852 menifestum
1365 1803 1408 1850 sit.

287 1893 347 1940 Peri
365 1895 439 1940 modo
458 1895 477 1940 l.
493 1894 555 1941 ilor.
569 1893 611 1954 iv,
632 1895 658 1940 ⁷.
680 1893 747 1952 Quia
766 1889 921 1956 (coarctem
941 1895 1032 1956 icles,
1046 1897 1115 1958 qood
1130 1909 1185 1942 aaa
1201 1888 1355 1958 occepisti?
1368 1893 1409 1940 ulei

287 1985 427 2043 Apostolus
448 1985 476 2031 in
493 1995 525 2032 co
546 1989 601 2042 est,
630 1988 660 2032 nt
686 1985 800 2034 lectores
829 1989 947 2047 moneat,
975 1988 1053 2034 nelo
1074 1986 1239 2034 aestimandis
1259 1984 1409 2032 doctoribus

287 2075 438 2122 christicole
456 2075 568 2134 partium
586 2075 672 2122 studio
691 2075 832 2134 ducantur,
850 2077 915 2126 iliud
932 2073 959 2126 τί
977 2077 1010 2124 de
1027 2077 1174 2137 cognitione
1187 2077 1324 2136 religionis
1338 2075 1409 2124 eleri-

289 2165 388 2212 etianee
410 2164 521 2224 intelllgi
538 2163 622 2212 debet.

244 2246 269 2316 ὅ)
291 2253 458 2301 sicinnistas
478 2255 658 2315 aretemxix,
679 2255 723 2302 ai.
744 2254 824 2302 dicite
848 2253 966 2304 Facilius
987 2257 1028 2303 cst
1046 2256 1174 2304 semelem
1198 2267 1251 2318 per
1283 2251 1410 2316 forestes

289 2358 353 2393 ocus
373 2343 511 2404 munstre,
532 2358 611 2406 quom
630 2345 738 2394 elicitam
757 2345 866 2393 intrare
883 2345 913 2394 ia
931 2358 1045 2408 reanum
1064 2346 1218 2402 coelorum,
1246 2346 1313 2393 lneec
1331 2345 1410 2393 verim

291 2435 467 2482 conditionate
479 2435 628 2494 accipienda
640 2439 716 2498 sunt,
732 2437 770 2483 nti
779 2437 902 2484 Dominus
918 2436 976 2496 ipsc
990 2451 1017 2483 v.
1031 2433 1077 2485 ΞΘ.
1097 2439 1209 2484 mentem
1224 2448 1300 2482 suam
1314 2435 1410 2496 pandit

247 2518 272 2587 ο)
292 2527 347 2572 iiuc
367 2525 564 2585 spectetlistih.
577 2525 650 2587 xix,
672 2528 726 2588 180,
745 2527 922 2576 uhisalvetor
941 2528 1074 2581 docturum
1094 2539 1159 2587 quse
1177 2527 1211 2574 ad
1227 2527 1309 2573 vitem
1326 2529 1411 2574 aeter·

290 2629 349 2664 nam
368 2618 574 2676 consequendam
591 2617 755 2666 observanda
774 2619 844 2681 alni,
864 2619 949 2679 aliquo
967 2619 1085 2678 decalogi
1097 2618 1216 2666 mutate
1228 2618 1341 2679 exempli
1355 2618 1410 2664 loco

291 2709 441 2770 recensuit,
459 2711 489 2756 ut
504 2708 623 2768 iuvenem
641 2711 672 2758 sle
687 2711 805 2760 omnibus
823 2711 932 2772 reliquis
951 2711 1194 2758 commonefaceret.

245 2792 271 2859 τ)
291 2799 352 2846 inde
368 2797 456 2844 lictilr.
475 2798 539 2856 XIX,
559 2800 602 2848 ei.
619 2800 699 2847 verba
715 2800 778 2848 Jesn
794 2801 825 2847 ad
836 2801 970 2860 juvenemc
991 2799 1024 2849 ss·
1038 2799 1079 2848 cis
1091 2797 1232 2863 perfecisse
1250 2810 1319 2854 esec,
1335 2800 1409 2854 cede,

291 2889 383 2945 cende,
405 2903 473 2950 quae
492 2889 592 2950 iada,
613 2892 639 2938 ct
657 2891 692 2938 do
709 2890 889 2954 pauperioris,
909 2901 961 2937 non
980 2892 1012 2939 de
1031 2890 1167 2950 mandato,
1187 2891 1235 2937 scd
1254 2889 1287 2936 de
1303 2889 1411 2936 consilio

290 2981 418 3040 explices,
448 2980 507 3041 quic
526 2984 661 3028 contextus
682 2982 771 3035 docet,
792 2981 929 3029 Dominum
951 2982 983 3028 ed
1005 2981 1156 3028 ielicttetem
1175 2981 1339 3028 obtinendam
1363 2979 1412 3027 elie

292 3070 444 3118 necessario
464 3071 627 3130 adimplenda
650 3072 832 3132 praescribere
855 3085 883 3119 v.
912 3073 943 3118 it
956 3095 990 3108 -
1003 3073 1059 3132 iit,
1086 3071 1149 3118 haec
1175 3083 1238 3118 sero
1253 3070 1348 3130 juveni
1366 3069 1411 3117 aui

293 3161 439 3209 conditione
452 3160 571 3221 proponi.

583 3285 586 3301 '
663 3319 692 3387 s.
709 3317 761 3378 14⁵.
777 3317 837 3377 auu
853 3317 970 3377 creua

310 3466 495 3549 Priusquam
518 3467 645 3532 missam
667 3465 799 3530 iacimus
820 3467 900 3530 hanc
927 3464 966 3528 de
995 3463 1129 3530 consilio
1157 3463 1411 3548 disputationem,

221 3575 338 3638 mentio
363 3575 534 3661 ingerenda
554 3575 680 3639 videtur
706 3575 745 3640 de
762 3573 916 3655 classicis,
939 3593 1019 3656 quoe
1041 3573 1165 3654 dieunt,
1181 3573 1411 3656 locisqquiians

221 3682 344 3745 scilicet
356 3692 468 3747 auctor
479 3705 516 3748 ex
527 3684 674 3765 professo
690 3688 824 3747 mentem
840 3702 926 3746 suom
940 3683 979 3746 de
991 3682 1094 3766 aliquo
1111 3680 1243 3744 materie
1255 3699 1412 3764 exponere

219 3790 363 3854 intendit.
398 3791 546 3856 Proiecto
575 3796 647 3854 sunt
676 3790 829 3874 ejusmodi
855 3791 921 3856 loci
946 3811 1005 3874 pro
1034 3789 1221 3854 veritatibus
1250 3809 1412 3853 sacrorum

221 3898 396 3963 Bibliorum
414 3900 640 3984 cognoscendis
656 3901 835 3986 gravissimi
850 3897 1010 3979 momenti,
1027 3899 1168 3980 adeoque
1183 3916 1305 3960 summa
1315 3898 1412 3961 inter·

220 4007 506 4092 pretis'diiigentia
527 4007 622 4093 digni.
647 4006 816 4074 Difficilius
831 4029 907 4074 vero
930 4011 1112 4071 statuuntur
1133 4006 1273 4090 regulae,
1299 4005 1413 4090 quibus

144 4135 148 4143 ·
221 4115 313 4180 locus
329 4116 443 4200 aliquis
460 4135 521 4197 qua
538 4117 690 4180 classicus
707 4123 914 4203 agnoscatur3
938 4137 996 4180 nec
1012 4115 1152 4179 subsidia
1172 4113 1204 4178 in
1221 4113 1305 4176 hune
1321 4111 1412 4177 finem

221 4225 410 4308 prostebunt
432 4224 502 4307 alia,
528 4246 619 4306 quam
644 4225 756 4310 quibus
779 4225 952 4311 generatim
975 4225 1140 4288 consilium
1167 4221 1311 4286 aucturis
1337 4243 1411 4308 eog-

223 4333 376 4397 noscitur.

312 4439 492 4504 Generatim
515 4441 639 4524 quidem
663 4439 762 4506 omnis
784 4441 917 4524 loquens
940 4445 1074 4504 mentem
1090 4459 1177 4504 suam
1194 4437 1321 4504 sincere
1336 4457 1411 4523 pan·

224 4550 299 4614 dere
316 4549 489 4615 censendus
511 4554 570 4631 est,
593 4551 739 4636 quamdiu
762 4571 824 4615 non
848 4549 1006 4615 invenitur
1020 4548 1114 4628 retia,
1140 4547 1181 4612 ob
1204 4568 1325 4634 quam,
1341 4547 1412 4632 quid
