3120 5294
489 597 517 663 §-
534 595 574 652 tt.
590 593 720 654 hebraica
735 597 765 654 et
780 595 926 656 trmdca

200 743 370 808 Hebraicis
386 741 417 803 iu
432 760 564 826 graeca,
591 763 650 828 qua
673 743 880 830 hagiographi
901 743 1013 807 ludaei
1040 744 1091 806 usi
1112 747 1201 824 suut,
1228 762 1302 808 cra·

113 851 195 915 tione
209 850 259 914 vel
276 871 313 914 eo
332 854 498 914 recurrent
513 852 658 934 plurima,
675 853 749 936 quia
765 873 827 916 non
842 852 972 916 multum
988 857 1061 918 aute
1076 851 1178 935 patria
1194 850 1301 938 lingua

112 979 179 1022 esse
191 959 285 1022 desiit
296 958 453 1037 hebraica,
471 958 560 1042 cujus
575 960 787 1043 proprietatos
805 981 842 1024 eo
859 959 962 1024 miuus
974 958 1220 1037 dimittebantur,
1238 981 1301 1044 quo

111 1066 206 1151 magis
222 1087 281 1129 usu
296 1066 447 1151 religioso
465 1073 670 1131 consecratae
687 1074 719 1131 ct
735 1069 826 1152 quasi
841 1068 1005 1132 technicae
1020 1069 1123 1132 iactae
1139 1074 1245 1149 eraut,
1269 1072 1302 1132 et

112 1194 170 1256 quo
182 1175 281 1261 magis
293 1173 431 1238 lectione
445 1174 527 1238 sacri
541 1176 661 1240 codicis
675 1178 823 1240 continno
837 1175 1102 1260 recoquebantur.
1114 1179 1302 1244 Aramaica

110 1287 220 1361 autem,
237 1304 306 1346 cum
322 1283 428 1368 lingua
439 1283 717 1348 Palaestinensium
732 1285 898 1348 vernacula
914 1287 1008 1366 esset,
1025 1285 1078 1348 cui
1089 1286 1182 1368 proin
1193 1285 1302 1369 plures

110 1393 389 1477 hagiographorum
406 1411 424 1455 a
440 1393 547 1475 pueris
563 1394 683 1458 assueti
698 1395 826 1474 luerint,
842 1396 882 1458 ad
897 1415 1045 1479 graecum
1061 1415 1170 1458 corum
1186 1394 1302 1460 idioma

109 1499 327 1564 immutandum
342 1521 405 1563 non
422 1501 526 1583 potuit
541 1523 604 1565 non
620 1501 784 1584 plurimam
799 1502 861 1564 viru
883 1502 1011 1566 habere.

196 1607 364 1672 Caeterum
374 1613 603 1690 praetervoces
616 1629 748 1692 prorsus
761 1610 924 1674 hebraicas
938 1609 1002 1672 sive
1013 1610 1193 1690 ammiras,
1205 1630 1300 1698 grae-

110 1715 153 1776 cis
167 1722 288 1779 tautum
304 1715 407 1778 literis
423 1717 559 1800 scriptas
573 1723 604 1780 et
618 1720 815 1802 quodamodo
827 1737 942 1803 graeco
958 1717 1108 1780 formatas
1119 1715 1149 1802 ¹)
1166 1717 1300 1800 duplicis

107 1825 229 1912 generis
246 1827 428 1890 hebraismi
443 1832 474 1890 et
491 1831 689 1892 aramaismi
705 1827 956 1911 distinguuntur,
979 1827 1118 1910 perfecti
1141 1846 1251 1910 nempe
1268 1831 1301 1890 ot

107 1936 297 2017 imperfecti.
319 1935 368 1998 hd
384 1933 509 2015 priores
525 1935 706 1998 referuntur
723 1934 795 1998 illae
810 1955 916 2013 voces,
933 1933 1143 2018 loquendique
1159 1933 1300 1999 rationes

107 2062 142 2104 ac
159 2042 423 2124 constructiones,
441 2061 520 2125 quac
535 2061 668 2125 prorsus
686 2063 747 2105 uon
763 2047 896 2124 possunt
909 2041 1033 2104 aliunde
1045 2041 1191 2121 derivari,
1208 2061 1300 2126 quam

107 2169 142 2213 er
163 2149 321 2215 hebraicis
346 2150 412 2212 sive
435 2150 599 2212 aramaicis
615 2147 666 2237 ¹),
701 2151 740 2212 ad
764 2150 961 2232 posteriores
984 2171 1061 2213 vero
1086 2149 1176 2230 illae,
1209 2170 1299 2234 quae,

107 2258 241 2340 quamvis
259 2259 342 2338 apud
357 2257 507 2339 profanos
520 2257 672 2322 Graeciae
689 2263 836 2321 auctores
850 2257 981 2320 subinde
995 2258 1120 2319 eaedem
1133 2261 1186 2320 aut
1199 2257 1298 2322 simil·

105 2363 192 2427 limae
210 2364 394 2444 obveniant,
423 2367 520 2430 multo
537 2366 731 2449 probabilius
748 2371 851 2430 tamen
867 2365 949 2448 apud
966 2371 1114 2428 auctores
1131 2385 1240 2429 sacros
1258 2367 1298 2429 oh

106 2472 359 2538 circumstantias
374 2494 470 2556 supra
486 2474 635 2559 allegatas
653 2496 690 2538 ex
705 2495 849 2538 sermone
869 2473 1016 2538 hebraico
1041 2473 1107 2537 sive
1129 2475 1299 2554 aramaico‚

106 2602 194 2665 quam
211 2603 249 2646 ex
264 2583 391 2667 graecis
408 2583 560 2668 originem
576 2585 711 2648 traxisse
728 2584 944 2648 existimantur
960 2581 1001 2660 ³).

191 2689 340 2774 lnprimis
356 2711 432 2754 vero
449 2692 657 2754 attendendus
674 2697 722 2755 est
738 2691 938 2754 hebraissans
957 2709 1090 2773 prorsus
1109 2690 1300 2754 elocutionis

103 2797 227 2881 genius,
245 2820 265 2861 a
288 2819 349 2881 quo
386 2798 524 2880 periodi,
550 2800 759 2862 connexiones
784 2798 1008 2861 insolentiores
1031 2800 1124 2882 atque
1150 2797 1298 2862 dictionis

103 2907 233 2994 insignis
249 2907 387 2970 varietas
405 2913 436 2970 et
453 2907 608 2992 elegantia
624 2910 819 2970 Graecorum
835 2907 949 2968 absunt
961 2902 1004 2992 ⁴).

104 3063 153 3154 ¹²)
173 3091 311 3152 hJ'usmcui
336 3092 398 3136 sunt
423 3103 446 3138 e.
466 3101 491 3148 g.
512 3083 589 3156 ἀββᾶ
609 3088 694 3163 (⁸333)
712 3094 802 3152 peter,
822 3091 902 3136 hlarc.
922 3089 988 3146 XIV,
1016 3091 1059 3136 36.
1080 3092 1131 3146 al.,
1162 3083 1299 3154 ἀκελδαμὰ

175 3177 276 3245 (comp.
300 3173 338 3226 ex'
350 3159 406 3256 Spq
417 3183 444 3226 et
457 3178 528 3255 qu)
549 3181 783 3242 aspernamentum,
802 3182 859 3227 Act.
874 3181 896 3239 1,
912 3181 966 3241 la,
986 3174 1137 3237 dilapidatio
1151 3159 1298 3256 (iiz'hbbgij)

175 3273 312 3320 celebrate
335 3271 479 3325 dehoram,
498 3272 579 3331 Apoc.
604 3271 674 3327 XlX,
696 3275 720 3318 1.
741 3274 765 3318 3.
786 3273 810 3317 h.
831 3275 871 3328 6.,
898 3265 1037 3339 βοανεργές
1055 3271 1099 3331 (ex
1113 3275 1154 3344 ’pp
1174 3276 1201 3318 et
1226 3265 1298 3344 hipp)

172 3363 223 3424 filii
242 3363 405 3420 tonitruum,
432 3363 511 3408 Marc.
528 3364 581 3422 111,
603 3364 664 3422 17.,
684 3359 804 3418 Μεσσίας
824 3358 924 3437 (η’φρ)
945 3362 1076 3421 Messias,
1102 3363 1177 3410 Joan.
1198 3364 1225 3428 ‚¹²
1254 3363 1298 3408 42.

174 3453 299 3511 1v,25.,
327 3445 398 3518 ρὰκα
421 3450 513 3528 (qu)
542 3452 619 3498 homo
648 3466 753 3508 υοοοο,
780 3451 890 3514 fatuus,
922 3454 1011 3499 Matth.
1040 3452 1072 3506 V,
1102 3453 1160 3508 22..
1192 3443 1300 3498 ὡσαννὰ

175 3535 353 3616 (κζῦψῗρἱῦ)
373 3556 454 3590 serra
473 3556 581 3605 quaeso.
601 3543 691 3589 Matth.
712 3545 782 3599 XXI,
804 3545 830 3588 6.
851 3545 884 3591 al.
905 3547 933 3590 et
951 3544 1026 3589 aliae.

127 3624 152 3691 ²)
172 3633 248 3692 Quod
267 3632 436 3681 hebraismoa
453 3631 593 3696 perfectos
612 3635 713 3692 attinet,
734 3636 857 3692 exempla,
878 3648 942 3693 quae
962 3634 1098 3679 manifesto
1117 3631 1299 3680 hebraicorum

173 3723 344 3770 imitationem
364 3725 560 3783 praescierunt,
588 3726 755 3783 proponimus
778 3730 833 3772 tum
851 3740 947 3785 voces,
973 3724 1009 3770 uti
1030 3717 1140 3770 δεκαδύο
1161 3723 1300 3770 duodecim

138 3807 267 3888 ‚taptpp
284 3807 388 3885 propp),
416 3815 473 3862 act.
502 3815 572 3870 nux,
604 3816 629 3860 r.
654 3814 745 3870 xxiv,
778 3818 839 3875 11.,
867 3811 1042 3872 ἐνωτίζεσοαι
1071 3813 1167 3886 (pepp)
1188 3816 1300 3862 aericus

173 3903 333 3966 percipere,
364 3904 480 3963 Sapieut.
499 3905 548 3963 Vl,
574 3907 600 3952 2.
630 3907 686 3951 Act.
713 3907 750 3963 ll,
780 3906 841 3964 la,
871 3899 1105 3974 προσωποληπτεῖν
1131 3899 1299 3978 (n’ppttligp)

173 3992 277 4056 facicm
299 4007 347 4040 seu
366 4007 513 4056 pascuam
534 3995 689 4056 respicere,
709 3995 765 4042 Jec.
786 3997 822 4052 ll,
848 3997 892 4056 9.;
917 4000 969 4040 tum
989 3994 1138 4054 dictiones,
1159 3995 1301 4054 cujusmodi

175 4089 252 4131 suut:
273 4077 339 4148 ἃιμα
356 4080 424 4140 τίνος
442 4081 561 4150 ἐκχύνειν
579 4089 634 4134 sive
653 4080 743 4151 ἐκχέαι
763 4086 878 4147 aliquem
896 4087 1038 4134 mucidare
1055 4083 1107 4158 (up
1121 4079 1197 4157 pupi)
1216 4085 1300 4132 sirac.

174 4174 287 4234 XXXIV,
317 4177 360 4222 2⁷.
387 4176 447 4222 huc.
466 4178 515 4236 11,
535 4177 580 4224 56.
600 4177 631 4224 al.
653 4171 729 4243 ἄρτον
757 4170 857 4223 ἐσθίειν
886 4177 942 4224 sive
969 4175 1061 4240 φαγεῖν
1087 4176 1173 4222 cibum
1200 4188 1301 4239 capere

175 4243 247 4338 imp}
263 4242 329 4339 5535)
351 4267 441 4314 Matth.
461 4269 511 4322 XV,
532 4270 573 4320 2.‚
595 4261 735 4332 ὀφθαλμός
747 4263 861 4333 πονηρός
875 4267 977 4316 incidie
1000 4264 1050 4332 (l'ss
1065 4265 1111 4338 pp)
1132 4265 1217 4312 Sirnc·
1235 4265 1299 4320 xiv,

178 4359 223 4402 1⁰.
244 4355 326 4403 Marc.
340 4358 399 4410 Vll.
420 4359 481 4414 224
502 4363 555 4404 tum
574 4357 796 4420 sipnificctionec,
816 4369 866 4414 quo
886 4360 1021 4414 spectant:
1041 4349 1107 4403 ἀιὼν
1129 4331 1222 4428 (ῦῇν)
1242 4357 1299 4400 tote

176 4457 273 4492 rerum
296 4447 476 4503 universitas,
504 4451 632 4499 mundus.
661 4447 761 4493 Barueh
786 4448 837 4501 lll,
865 4449 890 4492 3.
917 4447 998 4491 liebri
1029 4447 1053 4504 l,
1083 4447 1108 4490 2.
1128 4445 1180 4499 ah,
1210 4437 1298 4509 ἒιρὴνη

178 4513 281 4607 (nibli)
299 4535 430 4596 felicitas,
451 4537 567 4598 Sapieut.
588 4539 631 4592 lll,
653 4541 677 4584 3.
698 4539 760 4582 hue.
780 4537 799 4592 l,
821 4539 864 4582 79.
885 4539 933 4593 al.,
954 4530 1176 4597 ἐξομολογεῖσθαι
1195 4525 1298 4605 (upbit)

177 4636 238 4672 cum
257 4627 345 4674 dativo
365 4640 493 4684 personae
514 4631 645 4686 laudere,
674 4629 825 4674 celebrere.
858 4628 931 4673 (lant.
953 4627 1028 4671 trium
1049 4635 1188 4681 puerorum
1210 4637 1234 4667 v.
1256 4625 1298 4668 66.
1325 4689 1327 4693 v
