3092 5286
273 435 349 510 160

649 613 677 682 s·
693 607 750 670 itt.
765 609 915 670 smnio
930 609 961 670 si
975 610 1076 672 itinn

359 757 505 838 Quamuis
527 755 599 821 huic
623 758 892 841 interpretationi,
916 779 995 842 quae
1017 759 1163 826 notiones
1181 779 1207 823 s.
1228 761 1455 846 Scripturaee

271 865 430 952 cogitandi
445 865 568 929 ratione
583 866 697 931 aetatis
713 853 846 931 biblicae
871 887 983 932 eruere
1008 873 1041 932 et
1062 865 1193 934 definire
1214 870 1345 952 studet,
1371 872 1454 934 modo

271 974 373 1038 solers
390 993 465 1036 cura
480 973 685 1056 inpendatur,
708 973 791 1040 haud
805 975 962 1040 immerito
978 981 1081 1040 umen
1097 982 1242 1061 optatur:

362 1084 394 1146 1.
414 1081 458 1146 Ut
480 1081 657 1165 praecipuis
686 1082 867 1166 quidusdam
895 1083 1052 1164 tontibus,
1078 1104 1107 1148 e.
1133 1106 1165 1172 g.
1189 1085 1331 1171 dosepho
1358 1087 1456 1150 Flavio

271 1195 305 1254 et
326 1189 450 1254 Philoni
473 1209 531 1272 pro
556 1191 774 1275 cognoscenda
796 1191 919 1257 cultura
933 1191 1125 1256 iudaeorum
1144 1193 1307 1280 religiosa,
1333 1199 1370 1260 ci
1385 1197 1457 1260 anti·

272 1297 429 1382 quissimis
445 1296 606 1362 Ecclesiae
617 1278 763 1361 Patribus
774 1298 807 1362 in
823 1298 981 1364 discendis
997 1300 1178 1364 notionibus
1193 1301 1358 1388 religiosis
1372 1303 1457 1367 onn-

271 1407 443 1472 stianurum
458 1404 557 1490 majus
574 1407 711 1471 studium
726 1406 940 1492 solertiorque
962 1425 1038 1473 usus
1060 1409 1207 1491 accedat,

361 1518 394 1580 a.
418 1513 467 1578 Ne
488 1514 645 1598 excerptis
666 1534 728 1579 nun
744 1515 821 1578 satis
837 1517 995 1580 accuratis
1010 1514 1169 1599 interpres
1186 1515 1390 1602 acquiescat,
1411 1519 1458 1580 sed

271 1626 307 1688 ut
321 1623 409 1706 ipsos
424 1623 544 1704 sontes,
560 1622 763 1708 locorumque
780 1628 992 1688 extracturum
1016 1627 1195 1689 contextum
1214 1625 1363 1690 studiose
1390 1647 1458 1690 eon-

271 1731 372 1811 sulat3

361 1841 393 1906 3.
409 1839 458 1904 Ne
473 1839 566 1924 hujus
584 1860 707 1925 quoque
722 1839 994 1923 interpretationis
1009 1840 1126 1906 limites
1141 1840 1226 1906 ultra
1241 1844 1458 1907 necessitatem

271 1949 457 2031 modumque
473 1948 687 2029 extendantur,
704 1948 788 2034 qued
802 1945 905 2029 fieret,
922 1949 951 2012 si
967 1953 1125 2013 caeterum
1141 1956 1192 2014 sat
1207 1949 1309 2034 clara,
1330 1952 1373 2014 ab
1389 1951 1458 2034 ipsis

271 2057 490 2144 hagiographis
507 2055 673 2140 perspicue
690 2056 841 2140 exposita,
858 2057 1001 2122 adductis
1017 2059 1153 2143 undique
1169 2059 1344 2123 admoram
1360 2060 1458 2124 erudi·
1528 2087 1529 2100 ¹

268 2166 387 2230 tionem
409 2165 628 2228 ostendendam
648 2163 729 2228 locis
749 2163 984 2229 illustrarentur
996 2163 1043 2252 ι),
1067 2173 1122 2231 aut
1145 2165 1269 2231 omnino
1293 2167 1458 2252 scriptori·
1528 2173 1529 2178 ’

270 2272 330 2336 bus
346 2271 446 2334 sacris
457 2290 588 2353 prorsus
603 2270 705 2334 aliena
720 2270 963 2336 obtruderentur
973 2267 1018 2359 ²).

300 2413 327 2489 ¹)
348 2419 402 2476 Sic,
419 2419 692 2479 cibistrianus,
711 2419 926 2468 watstenIus
945 2421 1194 2482 cisternarum,
1215 2422 1259 2468 27.
1278 2417 1365 2469 πόθεν
1383 2417 1454 2476 εστίν,

345 2510 378 2557 de
398 2510 466 2570 ioco,
485 2509 530 2556 ubi
549 2507 642 2565 Jecur,
665 2511 801 2569 sntaquanr
819 2509 949 2569 pubiicum
968 2511 1079 2558 docendi
1098 2523 1190 2560 munus
1210 2512 1367 2570 coepisset,
1395 2523 1456 2558 eon·

342 2603 460 2648 moratus
480 2600 532 2655 sit,
552 2599 727 2659 explicantes,
746 2600 814 2648 iocis
838 2600 981 2649 rabbintcis
1001 2613 1115 2661 operosa
1132 2602 1264 2662 congestis
1282 2603 1456 2650 demonstrare

343 2691 463 2751 student,
483 2703 514 2738 ex
530 2689 652 2748 opinione
673 2689 831 2738 iudaeorum
853 2690 980 2750 duplicans
1003 2691 1116 2740 tisorias
1143 2693 1384 2740 manifestationem
1408 2696 1457 2739 sta·

342 2781 478 2836 tuendam,
498 2783 525 2826 et
543 2780 576 2826 de
595 2780 680 2826 altera
694 2792 718 2826 r.
736 2780 779 2826 4².
795 2779 828 2826 de
848 2780 930 2828 altars
945 2793 970 2828 v.
987 2781 1031 2828 2².
1050 2793 1193 2829 sermonem
1211 2794 1292 2842 assa,
1311 2783 1404 2830 labore
1422 2784 1457 2830 sat

344 2870 475 2932 superfluo
494 2874 669 2931 occupantur,
690 2882 747 2918 cum
763 2870 845 2918 verbs
862 2875 954 2918 nostru
972 2884 1023 2919 non
1040 2873 1072 2920 da
1093 2873 1151 2920 ioco
1162 2873 1211 2921 aad
1226 2873 1260 2921 de
1273 2873 1384 2936 oripine
1395 2873 1456 2921 ties·

341 2963 395 3009 siae
413 2961 582 3021 intelligenda
600 2972 661 3008 aus
679 2973 710 3009 ax
726 2973 750 3008 r.
770 2961 812 3009 28.
830 2965 857 3010 at
875 2963 919 3010 29.
937 2962 1043 3024 planum
1064 2963 1110 3012 alt.

299 3045 325 3114 ⁸)
345 3053 423 3100 doni.
442 3051 466 3110 s.
485 3053 544 3100 1⁰³.
562 3053 615 3098 not.
634 3050 659 3098 5.

397 3141 525 3188 subsidiis
543 3142 738 3199 cognoscendus
753 3141 874 3190 culturae
891 3143 993 3190 ratione
1009 3141 1201 3202 materiariam
1218 3142 1363 3201 assignatis
1383 3143 1456 3190 adhuc
1528 3157 1529 3210 j

343 3235 437 3280 addere
456 3233 557 3292 plneeta
582 3232 674 3279 Abriss
693 3233 741 3280 der
759 3233 832 3282 hebr.
848 3230 1131 3298 (sittlich-reiigidsen)
1160 3233 1251 3280 Culter
1274 3233 1315 3280 bis
1346 3236 1394 3282 aut
1417 3233 1456 3279 das
1528 3217 1529 3282 Ῐ

343 3324 468 3371 zeitaitcr
477 3323 550 3370 iesu.
570 3323 691 3383 Beitripa
705 3336 753 3370 eur
765 3323 858 3371 histor.
869 3324 1069 3382 interpretation
1081 3323 1127 3370 das
1140 3323 1170 3369 N.
1181 3323 1210 3370 Τ.
1230 3334 1279 3370 aus
1296 3324 1348 3370 den
1367 3324 1457 3370 damnis

340 3413 534 3461 henschendcn
551 3411 750 3475 zaitbegritien,
768 3414 795 3460 tn
808 3415 947 3462 iiauire's
960 3413 1078 3474 iiaguein
1097 3414 1141 3460 111.
1159 3425 1185 3460 u.
1202 3413 1261 3473 iv.;
1278 3413 1312 3460 K.
1326 3413 1358 3460 o.
1371 3415 1456 3460 Bret-

342 3504 540 3567 schneider,
559 3504 915 3565 diatonicon-ingnorantes
935 3505 1086 3564 Ausisgnng
1104 3504 1151 3550 das
1169 3503 1201 3550 N.
1222 3501 1249 3549 u.
1275 3503 1364 3564 ieipn.
1387 3505 1456 3550 18⁰8.

342 3595 412 3652 Quas
430 3606 511 3654 opere
529 3606 606 3651 voro,
635 3606 692 3642 curn
715 3596 784 3642 haud
803 3607 864 3642 raro
887 3595 921 3640 ad
941 3607 997 3642 rem
1015 3605 1067 3640 uon
1085 3593 1226 3664 incientis,
1257 3592 1298 3639 rel
1317 3595 1423 3640 omnino
1444 3603 1457 3638 a
1528 3605 1529 3640 ὲ

341 3685 426 3732 menta
440 3683 672 3744 heglograpinorunr
686 3689 713 3732 et
724 3696 895 3744 personarum
911 3683 1064 3731 biblicamnr
1083 3682 1169 3730 alisna
1187 3683 1337 3743 propinant,
1358 3682 1455 3731 nonnisi

341 3783 398 3819 cuna
417 3775 548 3831 cautione,
567 3785 647 3833 supra
664 3784 720 3821 nro.
741 3775 765 3822 ³.
784 3775 924 3832 inculcata,
943 3773 1087 3821 adhibenda
1104 3771 1174 3822 sunt.

649 3967 860 4036 nooUENrrs
884 3967 1072 4034 CULTURA,

483 4091 515 4166 β)
534 4103 693 4156 ouaunnus
707 4103 759 4146 viu
771 4103 873 4146 ussnr
885 4102 918 4146 uu
931 4101 1094 4146 onnrrorus
1106 4101 1242 4146 nonnam.

453 4259 482 4328 s.
500 4257 552 4316 idi.
569 4257 606 4315 sd
622 4264 691 4332 qnae
707 4259 735 4326 in
751 4269 784 4316 ea
799 4255 993 4316 considerando
1009 4231 1203 4315 attendendum
1217 4255 1273 4312 siti

333 4456 336 4463 .
357 4405 437 4485 Quia
454 4405 587 4488 cultura,
612 4425 702 4490 quam
717 4405 883 4488 loquentes
900 4405 931 4468 in
947 4403 1058 4470 Bibiiis
1075 4403 1135 4468 sibi
1152 4402 1377 4487 acquisierint,
1400 4421 1454 4466 nou

261 4514 367 4580 solum
383 4515 416 4577 in
431 4514 519 4597 ipsos
543 4515 710 4601 cogitatus,
735 4534 815 4599 quos
842 4535 912 4577 cum
929 4511 1000 4578 aliis
1028 4513 1255 4576 communicare
1282 4513 1453 4588 intendunt,

267 4624 323 4688 scd
346 4624 438 4690 etiarn
455 4623 487 4688 in
508 4625 631 4690 modum
649 4643 704 4690 eos
725 4623 920 4709 proponendi
940 4623 1001 4686 vim
1024 4621 1158 4702 exserit,
1180 4621 1225 4686 ita
1243 4621 1393 4704 quidem,
1424 4622 1453 4682 ut
