3118 5282
320 411 398 489 330

390 607 498 656 unquam
523 595 563 642 vel
593 596 856 644 contentissimerunt
883 596 1011 644 hominem
1044 596 1153 656 dixerit,
1187 601 1231 644 ant
1261 596 1346 644 nimiae
1370 595 1461 642 miseriae

388 693 431 732 ont
449 686 531 734 lncnlo
552 686 692 746 lactentiee
718 691 775 742 eet,
802 690 829 733 et
854 686 952 734 detinet
975 691 1052 746 atque
1078 685 1165 734 otreio
1189 686 1300 746 ingenia,
1323 689 1400 734 meiius
1420 688 1460 732 aliia

388 778 540 823 vocaturae·

340 861 367 932 ¹)
386 867 462 914 conl.
476 867 501 926 s.
520 868 546 914 2.
565 868 591 927 ς.
611 867 672 914 2⁰3.
691 868 717 914 t.
735 867 758 926 ς.
779 869 841 914 ete.
859 871 883 915 7.

339 949 365 1017 ⁸)
385 957 500 1016 cents.
520 959 580 1003 iiiil.
599 961 624 1003 et
641 964 789 1016 sequentes.

342 1037 369 1106 ι)
390 1045 493 1094 siner.
515 1047 635 1094 Paulus
657 1048 802 1094 comneni.
823 1051 848 1094 in
868 1049 899 1094 Ν.
919 1049 948 1094 Τ.
960 1047 1059 1094 Tomi.
1080 1061 1140 1108 pap.
1159 1049 1219 1094 tea.
1234 1043 1393 1115 xpcefneisr.
1408 1047 1461 1117 e'lpp

388 1149 419 1182 ex
430 1137 618 1184 Aristotele
636 1139 757 1198 explieat.
778 1137 912 1186 coeterum
924 1139 1131 1198 quemadmodum
1140 1140 1223 1186 medie
1239 1137 1461 1196 eeveplureeinter·

387 1231 475 1284 preter
504 1229 704 1276 Aristotelis
744 1229 932 1288 philosophicus
951 1228 1041 1276 Bilitio
1068 1229 1219 1285 intulerunt,
1245 1230 1280 1276 lie
1305 1229 1461 1274 nestraoetute

386 1315 453 1363 haud
467 1329 528 1364 rare
547 1321 626 1364 nectis
645 1319 827 1378 philosophiae
838 1320 990 1366 recentioris
1007 1318 1102 1366 addicti
1120 1318 1214 1378 placita
1233 1331 1281 1365 oua
1299 1331 1322 1364 o.
1341 1315 1461 1373 Scriptum

386 1406 523 1456 obtrudere
543 1413 675 1456 consuitur.
703 1411 852 1470 Exemplum
867 1409 941 1470 hujus
958 1410 996 1456 rei
1014 1409 1092 1456 habes
1111 1411 1136 1455 in
1157 1410 1236 1455 lmm.
1253 1409 1350 1460 Rani.
1368 1405 1461 1464 iteiigion

385 1497 518 1544 lnnoranin
532 1499 578 1546 der
591 1499 711 1546 (irennen
725 1501 771 1547 der
783 1499 888 1547 hiessen
902 1499 1038 1558 Vernunlt,
1057 1499 1183 1559 iidnigsis.
1200 1499 1279 1546 area.
1294 1503 1319 1545 et
1331 1500 1355 1544 ln
1366 1495 1461 1555 operibus

386 1597 489 1648 eorum,
512 1589 555 1649 qui
576 1591 659 1649 lpnlue
672 1591 859 1651 philosophiam
872 1593 954 1638 secuti
968 1595 1038 1638 eunt.
1060 1589 1112 1637 iuno
1132 1589 1223 1638 (ieet
1235 1589 1378 1638 Biiiroth
1393 1587 1462 1647 icon·

384 1682 484 1726 mentm
501 1693 534 1726 nu
553 1679 601 1728 den
621 1681 724 1728 Brieien
744 1683 789 1730 des
809 1682 902 1730 Paulus
921 1695 953 1728 en
973 1682 1175 1736 dlecerinther,
1192 1681 1281 1740 incipe.
1298 1675 1462 1738 18³³.)piiit·

384 1769 500 1826 eupliam
519 1773 558 1818 sie
577 1772 669 1818 dicim
687 1773 833 1822 tdmtitotie
852 1775 1002 1820 necessario
1020 1772 1052 1820 ad
1071 1771 1310 1832 interpretationem
1329 1765 1461 1816 adhibendae

383 1872 443 1908 etse
462 1863 601 1917 contendit,
620 1868 646 1910 et
665 1865 787 1924 exemplis
807 1865 948 1912 ostendere
966 1865 1063 1912 studet.

440 1951 647 2000 Praestantiores
675 1956 849 2014 interpretes,
885 1954 929 2014 qul
955 1953 1150 2000 commentarios
1182 1951 1376 2010 elucubrarem,
1404 1950 1425 1994 et
1444 1945 1461 1990 in

383 2041 432 2088 icoc
451 2041 639 2101 interpretandi
659 2057 754 2104 genere
774 2045 892 2105 exemplo
911 2057 971 2092 eene
990 2047 1107 2104 pessunt,
1127 2042 1194 2088 inira
1212 2041 1237 2102 ς.
1260 2041 1321 2089 2³⁰.
1338 2044 1363 2087 et
1379 2047 1461 2097 sennan·

384 2131 454 2178 tiana
467 2131 643 2181 indicabimus.

455 2275 481 2336 s.
500 2267 555 2327 ate.
571 2267 717 2328 tiscrlncn
732 2271 805 2330 inter
820 2269 928 2328 doctam
944 2269 973 2328 et
988 2269 1128 2342 mgna
1143 2269 1347 2341 expositionem

401 2416 481 2493 Quia
501 2436 660 2481 sacrarum
676 2417 910 2500 scripturarum
933 2416 1086 2500 expositio
1109 2418 1232 2500 captui,
1258 2414 1411 2480 desideriis
1426 2416 1459 2473 ai·

312 2543 372 2606 que
388 2521 566 2608 indigentiis
584 2544 689 2587 eorum
710 2525 967 2590 accommodanda
985 2531 1045 2605 esi,
1066 2525 1097 2588 in
1119 2545 1250 2608 quorum
1273 2523 1460 2611 gratianens-

313 2632 443 2714 cipitur,
474 2632 631 2716 seqnitm,
664 2633 752 2696 eiiam
783 2653 853 2698 esse
883 2634 997 2698 debere
1028 2635 1272 2717 expetitionem,
1297 2652 1371 2718 quae
1390 2625 1460 2692 disci·

311 2741 426 2826 plinam
444 2741 652 2828 theologicam
667 2742 797 2826 proprie
812 2741 1036 2827 profitentium,
1060 2743 1162 2825 eliam,
1179 2762 1259 2826 quae
1275 2743 1460 2806 illiteratorum

314 2871 352 2916 ac
367 2851 475 2934 popuii
491 2852 598 2916 usibus
615 2853 770 2916 destinate
793 2858 852 2930 est,
876 2871 1005 2936 quarum
1021 2852 1158 2934 priorem
1179 2853 1321 2930 dentem,
1336 2843 1460 2934 posterio-

315 2980 381 3025 rem
408 2963 578 3043 culparem
602 2967 788 3044 nuncupant.
834 2961 943 3042 Prior,
973 2981 1051 3044 quen
1081 2962 1185 3025 studio
1215 2983 1252 3025 ae
1277 2958 1389 3024 muneri
1408 2973 1461 3018 cen·

314 3071 418 3134 renim
432 3071 663 3156 theologorum,
680 3072 732 3155 qui
750 3071 868 3136 codicis
884 3071 1085 3136 revolutionis
1101 3090 1208 3134 ornnes
1223 3075 1333 3152 partes
1347 3063 1460 3130 acuente

316 3186 522 3266 cognoscant,
547 3199 652 3244 omnes
669 3181 766 3245 libros
787 3199 916 3259 sacres,
937 3199 1105 3262 omnesque
1121 3200 1227 3244 nermo
1244 3185 1367 3263 partes,
1387 3169 1461 3256 quit·

314 3291 557 3373 demumeunqne
575 3289 822 3374 complectentur
838 3293 1062 3374 argumentum,
1079 3290 1116 3352 ed
1133 3309 1220 3352 snam
1235 3284 1414 3372 provinciam
1424 3295 1460 3340 rt·

312 3403 422 3478 vncet3
445 3397 605 3483 posterior
624 3405 733 3462 contre
756 3398 987 3478 coenatoriae,
1009 3418 1086 3482 quae
1102 3397 1279 3462 homiuibus
1295 3393 1411 3458 rudibus
1424 3385 1461 3448 aei

313 3507 414 3570 minus
431 3506 524 3570 cultis
540 3507 698 3590 inperviaa
713 3506 762 3570 vei
777 3505 922 3586 inutiles,
937 3505 985 3570 vei
1003 3506 1126 3570 omnino
1142 3507 1271 3572 nocivae
1288 3508 1374 3582 seui,
1393 3511 1460 3581 prii·

311 3615 458 3679 termittit
471 3613 512 3700 ¹).

402 3721 501 3804 lilejus
526 3722 608 3786 inter
631 3728 793 3806 utramque
815 3721 1105 3804 interpretationem
1129 3719 1297 3784 discrimen
1320 3719 1410 3782 ierne
1427 3709 1460 3770 il·

311 3830 408 3894 ducit.
454 3832 556 3894 Docta
578 3851 688 3913 nempe
712 3831 865 3914 expositio
882 3853 942 3894 non
958 3831 1058 3895 solum
1076 3850 1199 3896 sensum
1215 3829 1398 3911 exploratum
1416 3817 1459 3882 riti

312 3937 439 4017 indicet,
463 3940 518 4002 scd
536 3939 627 4002 simui
643 3939 782 4004 adhibito
799 3946 951 4024 apparatu
967 3937 1140 4004 scientifice
1165 3938 1288 4004 erudite
1305 3944 1336 4000 et
1357 3929 1460 3998 tirmiter
1515 4015 1516 4033 Χ

311 4048 514 4124 demonstret
538 4053 632 4131 atque
648 4049 780 4112 alierum
796 4047 1017 4132 explicationes
1032 4067 1125 4112 vanas
1140 4069 1177 4112 ac
1192 4046 1300 4126 falsas,
1322 4043 1370 4108 vei
1382 4044 1459 4103 tame

310 4156 410 4220 minus
432 4155 576 4220 fundatos
593 4177 661 4220 esee
680 4158 829 4221 ostendit.
875 4157 1021 4243 vulgaris
1037 4157 1160 4239 quidem
1174 4157 1265 4218 etiem
1283 4158 1342 4230 est,
1363 4161 1458 4214 sentim

310 4265 495 4349 scripturae
524 4275 669 4329 accurate
702 4285 894 4349 preponere3
923 4271 973 4330 ost
1002 4265 1100 4350 magis
1127 4261 1346 4348 perspicuitati
1370 4253 1458 4325 studet,

311 4381 344 4437 et
367 4373 475 4458 proin,
504 4374 556 4438 ubi
578 4373 790 4438 illustratione
814 4380 867 4438 eut
895 4373 1161 4438 demonstratione
1189 4392 1267 4456 epus
1296 4375 1358 4447 est,
1384 4359 1458 4445 expli·

311 4483 465 4548 cntionem
482 4503 518 4546 nc
533 4483 828 4569 argumentationem
841 4483 1017 4548 breviorem
1035 4486 1066 4546 et
1082 4480 1220 4546 subsidio
1236 4479 1340 4565 captui
1354 4474 1457 4540 iilittrt·

308 4595 420 4664 torum
434 4590 815 4668 accommodateaditibet,
831 4596 865 4654 et
888 4590 1055 4674 preeeipue
1078 4588 1178 4654 iorma
1193 4588 1345 4655 historica
1363 4580 1455 4648 utituri
1513 4587 1514 4597 ’
