<?xml version="1.0" encoding="UTF-8"?>
<!DOCTYPE html PUBLIC "-//W3C//DTD XHTML 1.0 Transitional//EN"
    "http://www.w3.org/TR/xhtml1/DTD/xhtml1-transitional.dtd">
<html xmlns="http://www.w3.org/1999/xhtml" xml:lang="en" lang="en">
 <head>
  <title>
</title>
<meta http-equiv="Content-Type" content="text/html;charset=utf-8" />
  <meta name='ocr-system' content='tesseract 3.04.00' />
  <meta name='ocr-capabilities' content='ocr_page ocr_carea ocr_par ocr_line ocrx_word'/>
</head>
<body>
  <div class='ocr_page' id='page_1' title='image "./hermeneuticabib00kohlgoog_0139.png"; bbox 0 0 3120 5294; ppageno 0'>
   <div class='ocr_carea' id='block_1_1' title="bbox 260 440 333 514">
    <p class='ocr_par' dir='ltr' id='par_1_1' title="bbox 260 440 333 514">
     <span class='ocr_line' id='line_1_1' title="bbox 260 440 333 514; baseline -0.027 0"><span class='ocrx_word' id='word_1_1' title='bbox 260 440 333 514; x_wconf 79' lang='lat'><strong>112</strong></span> 
     </span>
    </p>
   </div>
   <div class='ocr_carea' id='block_1_2' title="bbox 255 613 1449 796">
    <p class='ocr_par' dir='ltr' id='par_1_2' title="bbox 255 613 1449 796">
     <span class='ocr_line' id='line_1_2' title="bbox 255 613 1449 688; baseline -0.005 -8"><span class='ocrx_word' id='word_1_2' title='bbox 255 615 281 680; x_wconf 79' lang='lat' dir='ltr'><strong>S·</strong></span> <span class='ocrx_word' id='word_1_3' title='bbox 299 614 339 676; x_wconf 80' lang='lat' dir='ltr'><strong>ii.</strong></span> <span class='ocrx_word' id='word_1_4' title='bbox 358 613 487 674; x_wconf 75' lang='grc' dir='ltr'><strong>ιιιιιιιι</strong></span> <span class='ocrx_word' id='word_1_5' title='bbox 505 613 680 686; x_wconf 71' lang='lat' dir='ltr'><strong>adhibendae,</strong></span> <span class='ocrx_word' id='word_1_6' title='bbox 697 615 742 674; x_wconf 80' lang='lat' dir='ltr'><strong>nti</strong></span> <span class='ocrx_word' id='word_1_7' title='bbox 758 613 952 688; x_wconf 79' lang='grc' dir='ltr'><strong>ιιιιιιιιιιιι</strong></span> <span class='ocrx_word' id='word_1_8' title='bbox 968 615 1108 675; x_wconf 77' lang='lat' dir='ltr'><strong>sunteas</strong></span> <span class='ocrx_word' id='word_1_9' title='bbox 1124 613 1304 674; x_wconf 75' lang='lat' dir='ltr'><strong>orientalibus</strong></span> <span class='ocrx_word' id='word_1_10' title='bbox 1322 614 1449 674; x_wconf 81' lang='grc' dir='ltr'><strong>ιιιιιιιιι</strong></span> 
     </span>
     <span class='ocr_line' id='line_1_3' title="bbox 688 721 1021 796; baseline 0 -14"><span class='ocrx_word' id='word_1_11' title='bbox 688 737 711 782; x_wconf 86' lang='grc' dir='ltr'><strong>ι</strong></span> <span class='ocrx_word' id='word_1_12' title='bbox 728 721 883 796; x_wconf 70' lang='lat' dir='ltr'><strong>tatem</strong></span> <span class='ocrx_word' id='word_1_13' title='bbox 898 733 1021 794; x_wconf 73' lang='grc' dir='ltr'><strong>ιιιιιιι.</strong></span> 
     </span>
    </p>
   </div>
   <div class='ocr_carea' id='block_1_3' title="bbox 252 851 1450 2918">
    <p class='ocr_par' dir='ltr' id='par_1_3' title="bbox 254 851 1449 1727">
     <span class='ocr_line' id='line_1_4' title="bbox 346 851 1449 969; baseline 0.002 -23"><span class='ocrx_word' id='word_1_14' title='bbox 346 887 445 962; x_wconf 77' lang='lat' dir='ltr'><strong>Quom</strong></span> <span class='ocrx_word' id='word_1_15' title='bbox 462 905 536 948; x_wconf 88' lang='lat' dir='ltr'><strong>vero</strong></span> <span class='ocrx_word' id='word_1_16' title='bbox 559 891 640 962; x_wconf 89' lang='lat' dir='ltr'><strong>tum,</strong></span> <span class='ocrx_word' id='word_1_17' title='bbox 664 885 786 969; x_wconf 91' lang='lat' dir='ltr'><strong>qnando</strong></span> <span class='ocrx_word' id='word_1_18' title='bbox 808 885 982 968; x_wconf 80' lang='lat' dir='ltr'><strong>linguarum</strong></span> <span class='ocrx_word' id='word_1_19' title='bbox 1010 885 1206 948; x_wconf 90' lang='lat' dir='ltr'><strong>orientalium</strong></span> <span class='ocrx_word' id='word_1_20' title='bbox 1222 851 1449 966; x_wconf 47' lang='lat' dir='ltr'><strong>&#39;proprietates</strong></span> 
     </span>
     <span class='ocr_line' id='line_1_5' title="bbox 256 991 1449 1078; baseline 0.002 -24"><span class='ocrx_word' id='word_1_21' title='bbox 256 992 390 1055; x_wconf 90' lang='lat' dir='ltr'><strong>orationi</strong></span> <span class='ocrx_word' id='word_1_22' title='bbox 405 1011 431 1053; x_wconf 89' lang='lat' dir='ltr'><strong>s.</strong></span> <span class='ocrx_word' id='word_1_23' title='bbox 449 991 634 1075; x_wconf 76' lang='lat' dir='ltr'>scripturae</span> <span class='ocrx_word' id='word_1_24' title='bbox 649 1013 782 1078; x_wconf 75' lang='lat' dir='ltr'><strong>graecae</strong></span> <span class='ocrx_word' id='word_1_25' title='bbox 799 994 969 1057; x_wconf 86' lang='lat' dir='ltr'><strong>adhaerere</strong></span> <span class='ocrx_word' id='word_1_26' title='bbox 984 993 1146 1073; x_wconf 87' lang='lat' dir='ltr'><strong>videntur,</strong></span> <span class='ocrx_word' id='word_1_27' title='bbox 1163 1014 1242 1077; x_wconf 88' lang='lat' dir='ltr'><strong>qnae</strong></span> <span class='ocrx_word' id='word_1_28' title='bbox 1257 993 1290 1056; x_wconf 91' lang='lat' dir='ltr'><strong>iu</strong></span> <span class='ocrx_word' id='word_1_29' title='bbox 1311 995 1449 1057; x_wconf 82' lang='lat' dir='ltr'><strong>fontibus</strong></span> 
     </span>
     <span class='ocr_line' id='line_1_6' title="bbox 256 1099 1449 1184; baseline 0.004 -25"><span class='ocrx_word' id='word_1_30' title='bbox 256 1099 460 1164; x_wconf 87' lang='lat' dir='ltr'><strong>hellenisticis</strong></span> <span class='ocrx_word' id='word_1_31' title='bbox 484 1123 545 1162; x_wconf 93' lang='lat' dir='ltr'><strong>uon</strong></span> <span class='ocrx_word' id='word_1_32' title='bbox 568 1101 748 1183; x_wconf 77' lang='lat' dir='ltr'><strong>obveniant,</strong></span> <span class='ocrx_word' id='word_1_33' title='bbox 779 1100 1018 1164; x_wconf 81' lang='lat' dir='ltr'><strong>Orientalismns</strong></span> <span class='ocrx_word' id='word_1_34' title='bbox 1041 1105 1161 1164; x_wconf 85' lang='lat' dir='ltr'><strong>tantum</strong></span> <span class='ocrx_word' id='word_1_35' title='bbox 1187 1103 1291 1184; x_wconf 88' lang='lat' dir='ltr'><strong>possit</strong></span> <span class='ocrx_word' id='word_1_36' title='bbox 1329 1103 1449 1180; x_wconf 84' lang='lat' dir='ltr'><strong>adesse,</strong></span> 
     </span>
     <span class='ocr_line' id='line_1_7' title="bbox 257 1207 1449 1292; baseline 0 -21"><span class='ocrx_word' id='word_1_37' title='bbox 257 1209 330 1290; x_wconf 88' lang='lat' dir='ltr'><strong>quin</strong></span> <span class='ocrx_word' id='word_1_38' title='bbox 357 1207 507 1270; x_wconf 87' lang='lat' dir='ltr'><strong>historice</strong></span> <span class='ocrx_word' id='word_1_39' title='bbox 534 1209 662 1290; x_wconf 91' lang='lat' dir='ltr'><strong>probari</strong></span> <span class='ocrx_word' id='word_1_40' title='bbox 685 1213 798 1292; x_wconf 83' lang='lat' dir='ltr'><strong>queat,</strong></span> <span class='ocrx_word' id='word_1_41' title='bbox 823 1209 854 1270; x_wconf 95' lang='lat' dir='ltr'><strong>in</strong></span> <span class='ocrx_word' id='word_1_42' title='bbox 882 1227 920 1271; x_wconf 91' lang='lat' dir='ltr'><strong>eo</strong></span> <span class='ocrx_word' id='word_1_43' title='bbox 943 1227 980 1273; x_wconf 85' lang='lat' dir='ltr'><strong>ex</strong></span> <span class='ocrx_word' id='word_1_44' title='bbox 1007 1229 1064 1273; x_wconf 87' lang='lat' dir='ltr'><strong>sua</strong></span> <span class='ocrx_word' id='word_1_45' title='bbox 1091 1209 1327 1292; x_wconf 89' lang='lat' dir='ltr'><strong>comparatione</strong></span> <span class='ocrx_word' id='word_1_46' title='bbox 1358 1229 1449 1272; x_wconf 88' lang='lat' dir='ltr'><strong>assu-</strong></span> 
     </span>
     <span class='ocr_line' id='line_1_8' title="bbox 255 1316 1448 1402; baseline 0.001 -24"><span class='ocrx_word' id='word_1_47' title='bbox 255 1318 364 1378; x_wconf 91' lang='lat' dir='ltr'><strong>mendo</strong></span> <span class='ocrx_word' id='word_1_48' title='bbox 386 1316 588 1400; x_wconf 80' lang='lat' dir='ltr'><strong>interpretem</strong></span> <span class='ocrx_word' id='word_1_49' title='bbox 610 1323 698 1380; x_wconf 86' lang='lat' dir='ltr'><strong>danto</strong></span> <span class='ocrx_word' id='word_1_50' title='bbox 716 1317 887 1380; x_wconf 80' lang='lat' dir='ltr'><strong>cautiorem</strong></span> <span class='ocrx_word' id='word_1_51' title='bbox 903 1317 1064 1402; x_wconf 86' lang='lat' dir='ltr'><strong>oportebit</strong></span> <span class='ocrx_word' id='word_1_52' title='bbox 1084 1337 1165 1398; x_wconf 89' lang='lat' dir='ltr'><strong>esse,</strong></span> <span class='ocrx_word' id='word_1_53' title='bbox 1190 1323 1306 1402; x_wconf 90' lang='lat' dir='ltr'><strong>quanto</strong></span> <span class='ocrx_word' id='word_1_54' title='bbox 1327 1317 1448 1381; x_wconf 83' lang='lat' dir='ltr'><strong>facilius</strong></span> 
     </span>
     <span class='ocr_line' id='line_1_9' title="bbox 254 1423 1449 1510; baseline 0.003 -24"><span class='ocrx_word' id='word_1_55' title='bbox 254 1445 352 1490; x_wconf 88' lang='lat' dir='ltr'><strong>novae</strong></span> <span class='ocrx_word' id='word_1_56' title='bbox 375 1423 507 1505; x_wconf 89' lang='lat' dir='ltr'><strong>alicujus</strong></span> <span class='ocrx_word' id='word_1_57' title='bbox 534 1427 690 1510; x_wconf 76' lang='lat' dir='ltr'><strong>opinionis</strong></span> <span class='ocrx_word' id='word_1_58' title='bbox 718 1425 921 1490; x_wconf 84' lang='lat' dir='ltr'><strong>stabiliendae</strong></span> <span class='ocrx_word' id='word_1_59' title='bbox 947 1431 1001 1490; x_wconf 87' lang='lat' dir='ltr'><strong>aut</strong></span> <span class='ocrx_word' id='word_1_60' title='bbox 1026 1425 1211 1488; x_wconf 79' lang='lat' dir='ltr'><strong>eruditionis</strong></span> <span class='ocrx_word' id='word_1_61' title='bbox 1244 1429 1449 1491; x_wconf 84' lang='lat' dir='ltr'><strong>ostentandae</strong></span> 
     </span>
     <span class='ocr_line' id='line_1_10' title="bbox 256 1532 1449 1619; baseline 0.003 -25"><span class='ocrx_word' id='word_1_62' title='bbox 256 1552 349 1596; x_wconf 87' lang='lat' dir='ltr'><strong>nausa</strong></span> <span class='ocrx_word' id='word_1_63' title='bbox 364 1532 493 1618; x_wconf 90' lang='lat' dir='ltr'><strong>proprio</strong></span> <span class='ocrx_word' id='word_1_64' title='bbox 510 1533 602 1619; x_wconf 89' lang='lat' dir='ltr'><strong>genio</strong></span> <span class='ocrx_word' id='word_1_65' title='bbox 622 1533 777 1618; x_wconf 86' lang='lat' dir='ltr'><strong>indulgeri</strong></span> <span class='ocrx_word' id='word_1_66' title='bbox 799 1533 916 1616; x_wconf 80' lang='lat' dir='ltr'><strong>soleat,</strong></span> <span class='ocrx_word' id='word_1_67' title='bbox 949 1539 981 1596; x_wconf 89' lang='lat' dir='ltr'><strong>et</strong></span> <span class='ocrx_word' id='word_1_68' title='bbox 1003 1539 1117 1618; x_wconf 84' lang='lat' dir='ltr'><strong>quanto</strong></span> <span class='ocrx_word' id='word_1_69' title='bbox 1140 1533 1241 1618; x_wconf 87' lang='lat' dir='ltr'><strong>magis</strong></span> <span class='ocrx_word' id='word_1_70' title='bbox 1262 1533 1326 1598; x_wconf 84' lang='lat' dir='ltr'><strong>riri</strong></span> <span class='ocrx_word' id='word_1_71' title='bbox 1357 1533 1449 1598; x_wconf 85' lang='lat' dir='ltr'><strong>ctiam</strong></span> 
     </span>
     <span class='ocr_line' id='line_1_11' title="bbox 257 1636 1000 1727; baseline 0 -25"><span class='ocrx_word' id='word_1_72' title='bbox 257 1639 450 1706; x_wconf 80' lang='lat' dir='ltr'><strong>celeberrimi</strong></span> <span class='ocrx_word' id='word_1_73' title='bbox 473 1640 530 1706; x_wconf 88' lang='lat' dir='ltr'><strong>bac</strong></span> <span class='ocrx_word' id='word_1_74' title='bbox 554 1641 586 1704; x_wconf 91' lang='lat' dir='ltr'><strong>iu</strong></span> <span class='ocrx_word' id='word_1_75' title='bbox 606 1663 641 1704; x_wconf 92' lang='lat' dir='ltr'><strong>re</strong></span> <span class='ocrx_word' id='word_1_76' title='bbox 668 1641 850 1706; x_wconf 86' lang='lat' dir='ltr'><strong>hallucinati</strong></span> <span class='ocrx_word' id='word_1_77' title='bbox 878 1641 941 1706; x_wconf 85' lang='lat' dir='ltr'><strong>sini</strong></span> <span class='ocrx_word' id='word_1_78' title='bbox 960 1636 1000 1727; x_wconf 89' lang='lat'><strong>¹).</strong></span> 
     </span>
    </p>

    <p class='ocr_par' dir='ltr' id='par_1_4' title="bbox 349 1749 1298 1834">
     <span class='ocr_line' id='line_1_12' title="bbox 349 1749 1298 1834; baseline 0 -23"><span class='ocrx_word' id='word_1_79' title='bbox 349 1752 453 1828; x_wconf 81' lang='lat' dir='ltr'><strong>Quare</strong></span> <span class='ocrx_word' id='word_1_80' title='bbox 468 1754 634 1834; x_wconf 87' lang='lat' dir='ltr'><strong>sequentes</strong></span> <span class='ocrx_word' id='word_1_81' title='bbox 651 1770 787 1813; x_wconf 88' lang='lat' dir='ltr'><strong>canones</strong></span> <span class='ocrx_word' id='word_1_82' title='bbox 804 1749 1016 1814; x_wconf 90' lang='lat' dir='ltr'><strong>observandos</strong></span> <span class='ocrx_word' id='word_1_83' title='bbox 1033 1749 1298 1834; x_wconf 84' lang='lat' dir='ltr'><strong>praescribimus:</strong></span> 
     </span>
    </p>

    <p class='ocr_par' dir='ltr' id='par_1_5' title="bbox 258 1856 1450 2266">
     <span class='ocr_line' id='line_1_13' title="bbox 347 1856 1450 1943; baseline 0.002 -23"><span class='ocrx_word' id='word_1_84' title='bbox 347 1861 378 1920; x_wconf 90' lang='lat'><strong>1.</strong></span> <span class='ocrx_word' id='word_1_85' title='bbox 404 1858 440 1920; x_wconf 88' lang='lat' dir='ltr'><strong>Si</strong></span> <span class='ocrx_word' id='word_1_86' title='bbox 469 1859 662 1941; x_wconf 83' lang='lat' dir='ltr'><strong>expressiori</strong></span> <span class='ocrx_word' id='word_1_87' title='bbox 704 1858 824 1922; x_wconf 90' lang='lat' dir='ltr'><strong>cuidam</strong></span> <span class='ocrx_word' id='word_1_88' title='bbox 855 1863 905 1920; x_wconf 88' lang='lat' dir='ltr'><strong>eet</strong></span> <span class='ocrx_word' id='word_1_89' title='bbox 934 1856 1122 1943; x_wconf 81' lang='lat' dir='ltr'><strong>significatio</strong></span> <span class='ocrx_word' id='word_1_90' title='bbox 1150 1877 1266 1943; x_wconf 88' lang='lat' dir='ltr'><strong>graeca</strong></span> <span class='ocrx_word' id='word_1_91' title='bbox 1297 1859 1450 1922; x_wconf 74' lang='lat' dir='ltr'><strong>historice</strong></span> 
     </span>
     <span class='ocr_line' id='line_1_14' title="bbox 258 1965 1450 2052; baseline 0 -24"><span class='ocrx_word' id='word_1_92' title='bbox 258 1973 355 2048; x_wconf 86' lang='lat' dir='ltr'><strong>certa,</strong></span> <span class='ocrx_word' id='word_1_93' title='bbox 372 1967 463 2052; x_wconf 90' lang='lat' dir='ltr'><strong>plana</strong></span> <span class='ocrx_word' id='word_1_94' title='bbox 480 1971 511 2029; x_wconf 91' lang='lat' dir='ltr'><strong>et</strong></span> <span class='ocrx_word' id='word_1_95' title='bbox 531 1967 631 2045; x_wconf 89' lang='lat' dir='ltr'><strong>obvia,</strong></span> <span class='ocrx_word' id='word_1_96' title='bbox 650 1987 730 2051; x_wconf 91' lang='lat' dir='ltr'><strong>quae</strong></span> <span class='ocrx_word' id='word_1_97' title='bbox 748 1967 942 2030; x_wconf 87' lang='lat' dir='ltr'><strong>commodum</strong></span> <span class='ocrx_word' id='word_1_98' title='bbox 959 1985 1082 2030; x_wconf 87' lang='lat' dir='ltr'><strong>sensum</strong></span> <span class='ocrx_word' id='word_1_99' title='bbox 1099 1967 1239 2050; x_wconf 85' lang='lat' dir='ltr'><strong>praebet,</strong></span> <span class='ocrx_word' id='word_1_100' title='bbox 1255 1965 1323 2030; x_wconf 85' lang='lat' dir='ltr'><strong>sine</strong></span> <span class='ocrx_word' id='word_1_101' title='bbox 1340 1985 1450 2029; x_wconf 87' lang='lat' dir='ltr'><strong>neces·</strong></span> 
     </span>
     <span class='ocr_line' id='line_1_15' title="bbox 258 2073 1450 2160; baseline 0.002 -24"><span class='ocrx_word' id='word_1_102' title='bbox 258 2075 351 2138; x_wconf 86' lang='lat' dir='ltr'><strong>sitate</strong></span> <span class='ocrx_word' id='word_1_103' title='bbox 375 2073 464 2137; x_wconf 93' lang='lat' dir='ltr'><strong>aliam</strong></span> <span class='ocrx_word' id='word_1_104' title='bbox 492 2094 577 2136; x_wconf 90' lang='lat' dir='ltr'><strong>meve</strong></span> <span class='ocrx_word' id='word_1_105' title='bbox 610 2073 792 2156; x_wconf 86' lang='lat' dir='ltr'><strong>possibilem</strong></span> <span class='ocrx_word' id='word_1_106' title='bbox 821 2096 858 2138; x_wconf 86' lang='lat' dir='ltr'><strong>ex</strong></span> <span class='ocrx_word' id='word_1_107' title='bbox 889 2074 1121 2160; x_wconf 88' lang='lat' dir='ltr'><strong>comparatione</strong></span> <span class='ocrx_word' id='word_1_108' title='bbox 1144 2093 1214 2136; x_wconf 88' lang='lat' dir='ltr'><strong>cum</strong></span> <span class='ocrx_word' id='word_1_109' title='bbox 1243 2074 1450 2138; x_wconf 81' lang='lat' dir='ltr'><strong>orientalibus</strong></span> 
     </span>
     <span class='ocr_line' id='line_1_16' title="bbox 258 2180 473 2266; baseline -0.014 -20"><span class='ocrx_word' id='word_1_110' title='bbox 258 2203 296 2246; x_wconf 89' lang='lat' dir='ltr'><strong>ne</strong></span> <span class='ocrx_word' id='word_1_111' title='bbox 324 2188 413 2265; x_wconf 86' lang='lat' dir='ltr'><strong>petas</strong></span> <span class='ocrx_word' id='word_1_112' title='bbox 430 2180 473 2266; x_wconf 75' lang='grc' dir='ltr'><strong>ι).</strong></span> 
     </span>
    </p>

    <p class='ocr_par' dir='ltr' id='par_1_6' title="bbox 252 2289 1450 2918">
     <span class='ocr_line' id='line_1_17' title="bbox 348 2289 1450 2375; baseline 0 -20"><span class='ocrx_word' id='word_1_113' title='bbox 348 2295 379 2355; x_wconf 74' lang='lat'><strong>2.</strong></span> <span class='ocrx_word' id='word_1_114' title='bbox 404 2289 441 2351; x_wconf 87' lang='lat' dir='ltr'><strong>Si</strong></span> <span class='ocrx_word' id='word_1_115' title='bbox 472 2289 684 2356; x_wconf 85' lang='lat' dir='ltr'><strong>Orientaliemi</strong></span> <span class='ocrx_word' id='word_1_116' title='bbox 710 2291 849 2375; x_wconf 88' lang='lat' dir='ltr'><strong>suspicio</strong></span> <span class='ocrx_word' id='word_1_117' title='bbox 886 2291 994 2370; x_wconf 84' lang='lat' dir='ltr'><strong>adest,</strong></span> <span class='ocrx_word' id='word_1_118' title='bbox 1033 2289 1176 2354; x_wconf 87' lang='lat' dir='ltr'><strong>studiose</strong></span> <span class='ocrx_word' id='word_1_119' title='bbox 1214 2295 1387 2373; x_wconf 82' lang='lat' dir='ltr'><strong>quaeratur</strong></span> <span class='ocrx_word' id='word_1_120' title='bbox 1421 2293 1450 2355; x_wconf 93' lang='lat' dir='ltr'><strong>iu</strong></span> 
     </span>
     <span class='ocr_line' id='line_1_18' title="bbox 256 2397 1450 2484; baseline 0.003 -23"><span class='ocrx_word' id='word_1_121' title='bbox 256 2397 451 2462; x_wconf 76' lang='lat' dir='ltr'><strong>versionibus</strong></span> <span class='ocrx_word' id='word_1_122' title='bbox 474 2418 501 2462; x_wconf 90' lang='lat' dir='ltr'><strong>s.</strong></span> <span class='ocrx_word' id='word_1_123' title='bbox 526 2398 713 2480; x_wconf 81' lang='lat' dir='ltr'><strong>Scripturas</strong></span> <span class='ocrx_word' id='word_1_124' title='bbox 738 2397 952 2480; x_wconf 79' lang='lat' dir='ltr'><strong>orientalibus,</strong></span> <span class='ocrx_word' id='word_1_125' title='bbox 976 2403 1052 2482; x_wconf 91' lang='lat' dir='ltr'><strong>puta</strong></span> <span class='ocrx_word' id='word_1_126' title='bbox 1075 2399 1210 2484; x_wconf 76' lang='lat' dir='ltr'><strong>cyriacis</strong></span> <span class='ocrx_word' id='word_1_127' title='bbox 1233 2401 1284 2464; x_wconf 88' lang='lat' dir='ltr'><strong>vel</strong></span> <span class='ocrx_word' id='word_1_128' title='bbox 1302 2401 1450 2479; x_wconf 87' lang='lat' dir='ltr'><strong>arabicis,</strong></span> 
     </span>
     <span class='ocr_line' id='line_1_19' title="bbox 255 2505 1450 2593; baseline 0.003 -24"><span class='ocrx_word' id='word_1_129' title='bbox 255 2528 293 2569; x_wconf 93' lang='lat' dir='ltr'><strong>an</strong></span> <span class='ocrx_word' id='word_1_130' title='bbox 316 2509 347 2568; x_wconf 93' lang='lat' dir='ltr'><strong>in</strong></span> <span class='ocrx_word' id='word_1_131' title='bbox 372 2526 480 2568; x_wconf 87' lang='lat' dir='ltr'><strong>eorum</strong></span> <span class='ocrx_word' id='word_1_132' title='bbox 495 2506 756 2590; x_wconf 86' lang='lat' dir='ltr'><strong>interpretatione</strong></span> <span class='ocrx_word' id='word_1_133' title='bbox 772 2505 924 2570; x_wconf 87' lang='lat' dir='ltr'><strong>habeatur</strong></span> <span class='ocrx_word' id='word_1_134' title='bbox 939 2506 1096 2587; x_wconf 85' lang='lat' dir='ltr'><strong>indicium,</strong></span> <span class='ocrx_word' id='word_1_135' title='bbox 1108 2509 1336 2593; x_wconf 87' lang='lat' dir='ltr'><strong>proprietatem</strong></span> <span class='ocrx_word' id='word_1_136' title='bbox 1355 2511 1450 2590; x_wconf 85' lang='lat' dir='ltr'><strong>banc,</strong></span> 
     </span>
     <span class='ocr_line' id='line_1_20' title="bbox 255 2613 1448 2702; baseline 0.003 -24"><span class='ocrx_word' id='word_1_137' title='bbox 255 2617 294 2678; x_wconf 92' lang='lat' dir='ltr'><strong>de</strong></span> <span class='ocrx_word' id='word_1_138' title='bbox 318 2635 378 2698; x_wconf 90' lang='lat' dir='ltr'><strong>qua</strong></span> <span class='ocrx_word' id='word_1_139' title='bbox 400 2615 540 2700; x_wconf 88' lang='lat' dir='ltr'><strong>suscipio</strong></span> <span class='ocrx_word' id='word_1_140' title='bbox 556 2614 661 2696; x_wconf 87' lang='lat' dir='ltr'><strong>adest,</strong></span> <span class='ocrx_word' id='word_1_141' title='bbox 685 2633 795 2678; x_wconf 88' lang='lat' dir='ltr'><strong>revera</strong></span> <span class='ocrx_word' id='word_1_142' title='bbox 810 2613 842 2678; x_wconf 93' lang='lat' dir='ltr'><strong>iu</strong></span> <span class='ocrx_word' id='word_1_143' title='bbox 865 2614 1001 2702; x_wconf 83' lang='lat' dir='ltr'><strong>linguam</strong></span> <span class='ocrx_word' id='word_1_144' title='bbox 1024 2635 1169 2700; x_wconf 77' lang='lat' dir='ltr'><strong>graecam</strong></span> <span class='ocrx_word' id='word_1_145' title='bbox 1184 2617 1332 2680; x_wconf 89' lang='lat' dir='ltr'><strong>biblicam</strong></span> <span class='ocrx_word' id='word_1_146' title='bbox 1348 2617 1448 2682; x_wconf 86' lang='lat' dir='ltr'><strong>luisse</strong></span> 
     </span>
     <span class='ocr_line' id='line_1_21' title="bbox 252 2721 1447 2808; baseline 0.005 -23"><span class='ocrx_word' id='word_1_147' title='bbox 252 2729 423 2806; x_wconf 85' lang='lat' dir='ltr'><strong>receptam.</strong></span> <span class='ocrx_word' id='word_1_148' title='bbox 459 2722 496 2786; x_wconf 88' lang='lat' dir='ltr'><strong>Si</strong></span> <span class='ocrx_word' id='word_1_149' title='bbox 521 2721 640 2786; x_wconf 89' lang='lat' dir='ltr'><strong>nullum</strong></span> <span class='ocrx_word' id='word_1_150' title='bbox 663 2722 814 2808; x_wconf 84' lang='lat' dir='ltr'><strong>suppetit,</strong></span> <span class='ocrx_word' id='word_1_151' title='bbox 841 2743 967 2808; x_wconf 87' lang='lat' dir='ltr'><strong>semper</strong></span> <span class='ocrx_word' id='word_1_152' title='bbox 984 2730 1035 2790; x_wconf 79' lang='lat' dir='ltr'><strong>set</strong></span> <span class='ocrx_word' id='word_1_153' title='bbox 1056 2723 1168 2788; x_wconf 89' lang='lat' dir='ltr'><strong>dubius</strong></span> <span class='ocrx_word' id='word_1_154' title='bbox 1194 2731 1301 2789; x_wconf 87' lang='lat' dir='ltr'><strong>manet</strong></span> <span class='ocrx_word' id='word_1_155' title='bbox 1332 2725 1447 2790; x_wconf 80' lang='lat' dir='ltr'><strong>Orien·</strong></span> 
     </span>
     <span class='ocr_line' id='line_1_22' title="bbox 255 2829 456 2918; baseline 0 -24"><span class='ocrx_word' id='word_1_156' title='bbox 255 2832 400 2897; x_wconf 90' lang='lat' dir='ltr'><strong>talismus</strong></span> <span class='ocrx_word' id='word_1_157' title='bbox 413 2829 456 2918; x_wconf 72' lang='grc' dir='ltr'><strong>ι).</strong></span> 
     </span>
    </p>
   </div>
   <div class='ocr_carea' id='block_1_4' title="bbox 346 2939 1536 3024">
    <p class='ocr_par' dir='ltr' id='par_1_7' title="bbox 346 2939 1536 3024">
     <span class='ocr_line' id='line_1_23' title="bbox 346 2939 1536 3024; baseline -0.002 -18"><span class='ocrx_word' id='word_1_158' title='bbox 346 2944 378 3006; x_wconf 83' lang='lat'><strong>3.</strong></span> <span class='ocrx_word' id='word_1_159' title='bbox 404 2941 502 3004; x_wconf 77' lang='lat' dir='ltr'><strong>Cento</strong></span> <span class='ocrx_word' id='word_1_160' title='bbox 526 2959 601 3002; x_wconf 88' lang='lat' dir='ltr'><strong>vero</strong></span> <span class='ocrx_word' id='word_1_161' title='bbox 628 2959 665 3002; x_wconf 86' lang='lat' dir='ltr'><strong>ea</strong></span> <span class='ocrx_word' id='word_1_162' title='bbox 689 2939 882 3022; x_wconf 76' lang='lat' dir='ltr'><strong>comparatio</strong></span> <span class='ocrx_word' id='word_1_163' title='bbox 904 2944 953 3004; x_wconf 88' lang='lat' dir='ltr'><strong>set</strong></span> <span class='ocrx_word' id='word_1_164' title='bbox 978 2939 1192 3022; x_wconf 88' lang='lat' dir='ltr'><strong>reprobanda,</strong></span> <span class='ocrx_word' id='word_1_165' title='bbox 1228 2960 1289 3024; x_wconf 90' lang='lat' dir='ltr'><strong>qua</strong></span> <span class='ocrx_word' id='word_1_166' title='bbox 1317 2961 1446 3024; x_wconf 85' lang='lat' dir='ltr'><strong>expres·</strong></span> <span class='ocrx_word' id='word_1_167' title='bbox 1535 3015 1536 3022; x_wconf 16' lang='lat' dir='ltr'><strong>q</strong></span> 
     </span>
    </p>
   </div>
   <div class='ocr_carea' id='block_1_5' title="bbox 252 3045 1536 3889">
    <p class='ocr_par' dir='ltr' id='par_1_8' title="bbox 254 3045 1536 3350">
     <span class='ocr_line' id='line_1_24' title="bbox 256 3045 1445 3134; baseline 0.002 -24"><span class='ocrx_word' id='word_1_168' title='bbox 256 3047 361 3112; x_wconf 81' lang='lat' dir='ltr'><strong>aiones</strong></span> <span class='ocrx_word' id='word_1_169' title='bbox 376 3067 509 3134; x_wconf 82' lang='lat' dir='ltr'><strong>graecae</strong></span> <span class='ocrx_word' id='word_1_170' title='bbox 527 3068 596 3110; x_wconf 90' lang='lat' dir='ltr'><strong>eum</strong></span> <span class='ocrx_word' id='word_1_171' title='bbox 615 3045 771 3110; x_wconf 85' lang='lat' dir='ltr'><strong>hebraicis</strong></span> <span class='ocrx_word' id='word_1_172' title='bbox 794 3047 1007 3126; x_wconf 76' lang='lat' dir='ltr'><strong>conferuntur,</strong></span> <span class='ocrx_word' id='word_1_173' title='bbox 1032 3047 1144 3130; x_wconf 88' lang='lat' dir='ltr'><strong>quibus</strong></span> <span class='ocrx_word' id='word_1_174' title='bbox 1160 3049 1353 3132; x_wconf 88' lang='lat' dir='ltr'><strong>interpretes</strong></span> <span class='ocrx_word' id='word_1_175' title='bbox 1370 3049 1445 3112; x_wconf 80' lang='lat' dir='ltr'><strong>Ale·</strong></span> 
     </span>
     <span class='ocr_line' id='line_1_25' title="bbox 255 3155 1536 3244; baseline 0 -24"><span class='ocrx_word' id='word_1_176' title='bbox 255 3156 398 3220; x_wconf 83' lang='lat' dir='ltr'><strong>xandrini</strong></span> <span class='ocrx_word' id='word_1_177' title='bbox 413 3176 537 3241; x_wconf 90' lang='lat' dir='ltr'><strong>semper</strong></span> <span class='ocrx_word' id='word_1_178' title='bbox 559 3177 622 3220; x_wconf 91' lang='lat' dir='ltr'><strong>nou</strong></span> <span class='ocrx_word' id='word_1_179' title='bbox 647 3175 711 3236; x_wconf 91' lang='lat' dir='ltr'><strong>eas,</strong></span> <span class='ocrx_word' id='word_1_180' title='bbox 734 3158 789 3219; x_wconf 89' lang='lat' dir='ltr'><strong>sed</strong></span> <span class='ocrx_word' id='word_1_181' title='bbox 811 3155 904 3240; x_wconf 88' lang='lat' dir='ltr'><strong>alias,</strong></span> <span class='ocrx_word' id='word_1_182' title='bbox 927 3156 976 3220; x_wconf 89' lang='lat' dir='ltr'><strong>vel</strong></span> <span class='ocrx_word' id='word_1_183' title='bbox 992 3156 1020 3220; x_wconf 91' lang='lat' dir='ltr'><strong>si</strong></span> <span class='ocrx_word' id='word_1_184' title='bbox 1036 3177 1089 3222; x_wconf 88' lang='lat' dir='ltr'><strong>eae</strong></span> <span class='ocrx_word' id='word_1_185' title='bbox 1104 3157 1135 3220; x_wconf 92' lang='lat' dir='ltr'><strong>in</strong></span> <span class='ocrx_word' id='word_1_186' title='bbox 1153 3157 1213 3222; x_wconf 91' lang='lat' dir='ltr'><strong>alia</strong></span> <span class='ocrx_word' id='word_1_187' title='bbox 1230 3161 1334 3220; x_wconf 85' lang='lat' dir='ltr'><strong>tamen</strong></span> <span class='ocrx_word' id='word_1_188' title='bbox 1351 3157 1447 3244; x_wconf 84' lang='lat' dir='ltr'><strong>signi·</strong></span> <span class='ocrx_word' id='word_1_189' title='bbox 1535 3167 1536 3170; x_wconf 76' lang='grc'>’</span> 
     </span>
     <span class='ocr_line' id='line_1_26' title="bbox 254 3262 671 3350; baseline 0 -22"><span class='ocrx_word' id='word_1_190' title='bbox 254 3262 403 3330; x_wconf 88' lang='lat' dir='ltr'><strong>ficatione</strong></span> <span class='ocrx_word' id='word_1_191' title='bbox 419 3263 612 3330; x_wconf 87' lang='lat' dir='ltr'><strong>substituunt</strong></span> <span class='ocrx_word' id='word_1_192' title='bbox 628 3264 671 3350; x_wconf 66' lang='grc' dir='ltr'><strong>ι).</strong></span> 
     </span>
    </p>

    <p class='ocr_par' dir='ltr' id='par_1_9' title="bbox 252 3372 1445 3673">
     <span class='ocr_line' id='line_1_27' title="bbox 343 3372 1445 3456; baseline 0 -20"><span class='ocrx_word' id='word_1_193' title='bbox 343 3373 374 3436; x_wconf 72' lang='grc' dir='ltr'><strong>[ι.</strong></span> <span class='ocrx_word' id='word_1_194' title='bbox 399 3374 538 3456; x_wconf 86' lang='lat' dir='ltr'><strong>Denique</strong></span> <span class='ocrx_word' id='word_1_195' title='bbox 552 3372 700 3456; x_wconf 92' lang='lat' dir='ltr'><strong>loquendi</strong></span> <span class='ocrx_word' id='word_1_196' title='bbox 722 3373 871 3436; x_wconf 79' lang='lat' dir='ltr'><strong>formulae</strong></span> <span class='ocrx_word' id='word_1_197' title='bbox 888 3393 924 3434; x_wconf 91' lang='lat' dir='ltr'><strong>ac</strong></span> <span class='ocrx_word' id='word_1_198' title='bbox 940 3373 1105 3451; x_wconf 84' lang='lat' dir='ltr'><strong>dictiones,</strong></span> <span class='ocrx_word' id='word_1_199' title='bbox 1123 3393 1202 3455; x_wconf 87' lang='lat' dir='ltr'><strong>quae</strong></span> <span class='ocrx_word' id='word_1_200' title='bbox 1217 3393 1279 3438; x_wconf 91' lang='lat' dir='ltr'><strong>non</strong></span> <span class='ocrx_word' id='word_1_201' title='bbox 1296 3375 1328 3436; x_wconf 93' lang='lat' dir='ltr'><strong>iu</strong></span> <span class='ocrx_word' id='word_1_202' title='bbox 1346 3374 1445 3436; x_wconf 88' lang='lat' dir='ltr'><strong>omni-</strong></span> 
     </span>
     <span class='ocr_line' id='line_1_28' title="bbox 252 3480 1445 3565; baseline 0.002 -24"><span class='ocrx_word' id='word_1_203' title='bbox 252 3481 312 3543; x_wconf 90' lang='lat' dir='ltr'><strong>bus</strong></span> <span class='ocrx_word' id='word_1_204' title='bbox 334 3481 478 3563; x_wconf 85' lang='lat' dir='ltr'><strong>partibus</strong></span> <span class='ocrx_word' id='word_1_205' title='bbox 501 3480 562 3544; x_wconf 89' lang='lat' dir='ltr'><strong>sibi</strong></span> <span class='ocrx_word' id='word_1_206' title='bbox 581 3481 790 3562; x_wconf 88' lang='lat' dir='ltr'><strong>respondent,</strong></span> <span class='ocrx_word' id='word_1_207' title='bbox 825 3481 905 3542; x_wconf 88' lang='lat' dir='ltr'><strong>male</strong></span> <span class='ocrx_word' id='word_1_208' title='bbox 933 3481 1014 3544; x_wconf 90' lang='lat' dir='ltr'><strong>inter</strong></span> <span class='ocrx_word' id='word_1_209' title='bbox 1037 3501 1072 3544; x_wconf 89' lang='lat' dir='ltr'><strong>se</strong></span> <span class='ocrx_word' id='word_1_210' title='bbox 1105 3483 1300 3564; x_wconf 84' lang='lat' dir='ltr'><strong>comparari,</strong></span> <span class='ocrx_word' id='word_1_211' title='bbox 1333 3485 1445 3565; x_wconf 88' lang='lat' dir='ltr'><strong>sponte</strong></span> 
     </span>
     <span class='ocr_line' id='line_1_29' title="bbox 257 3588 498 3673; baseline 0.004 -24"><span class='ocrx_word' id='word_1_212' title='bbox 257 3588 443 3673; x_wconf 87' lang='lat' dir='ltr'><strong>intelligitur</strong></span> <span class='ocrx_word' id='word_1_213' title='bbox 458 3589 498 3668; x_wconf 77' lang='lat'><strong>⁵).</strong></span> 
     </span>
    </p>

    <p class='ocr_par' dir='ltr' id='par_1_10' title="bbox 255 3693 1536 3889">
     <span class='ocr_line' id='line_1_30' title="bbox 343 3693 1536 3779; baseline -0.001 -18"><span class='ocrx_word' id='word_1_214' title='bbox 343 3697 375 3761; x_wconf 85' lang='lat'><strong>5.</strong></span> <span class='ocrx_word' id='word_1_215' title='bbox 391 3696 524 3758; x_wconf 80' lang='lat' dir='ltr'><strong>Aliunde</strong></span> <span class='ocrx_word' id='word_1_216' title='bbox 541 3696 662 3758; x_wconf 90' lang='lat' dir='ltr'><strong>demum</strong></span> <span class='ocrx_word' id='word_1_217' title='bbox 678 3699 777 3776; x_wconf 88' lang='lat' dir='ltr'><strong>patei,</strong></span> <span class='ocrx_word' id='word_1_218' title='bbox 795 3717 832 3759; x_wconf 85' lang='lat' dir='ltr'><strong>ex</strong></span> <span class='ocrx_word' id='word_1_219' title='bbox 844 3697 964 3760; x_wconf 81' lang='lat' dir='ltr'><strong>incerta</strong></span> <span class='ocrx_word' id='word_1_220' title='bbox 991 3701 1045 3760; x_wconf 88' lang='lat' dir='ltr'><strong>aot</strong></span> <span class='ocrx_word' id='word_1_221' title='bbox 1068 3717 1197 3779; x_wconf 86' lang='lat' dir='ltr'><strong>perrara</strong></span> <span class='ocrx_word' id='word_1_222' title='bbox 1223 3697 1311 3759; x_wconf 86' lang='lat' dir='ltr'><strong>vocis</strong></span> <span class='ocrx_word' id='word_1_223' title='bbox 1339 3698 1445 3760; x_wconf 88' lang='lat' dir='ltr'><strong>orieu-</strong></span> <span class='ocrx_word' id='word_1_224' title='bbox 1535 3693 1536 3714; x_wconf 58' lang='lat'>³</span> 
     </span>
     <span class='ocr_line' id='line_1_31' title="bbox 255 3799 1445 3889; baseline 0.002 -25"><span class='ocrx_word' id='word_1_225' title='bbox 255 3803 329 3868; x_wconf 89' lang='lat' dir='ltr'><strong>talis</strong></span> <span class='ocrx_word' id='word_1_226' title='bbox 355 3799 585 3888; x_wconf 83' lang='lat' dir='ltr'><strong>significatione</strong></span> <span class='ocrx_word' id='word_1_227' title='bbox 606 3823 668 3865; x_wconf 92' lang='lat' dir='ltr'><strong>non</strong></span> <span class='ocrx_word' id='word_1_228' title='bbox 690 3823 784 3884; x_wconf 88' lang='lat' dir='ltr'><strong>posse</strong></span> <span class='ocrx_word' id='word_1_229' title='bbox 811 3825 869 3889; x_wconf 89' lang='lat' dir='ltr'><strong>pro</strong></span> <span class='ocrx_word' id='word_1_230' title='bbox 899 3805 1101 3888; x_wconf 84' lang='lat' dir='ltr'><strong>expressione</strong></span> <span class='ocrx_word' id='word_1_231' title='bbox 1125 3811 1306 3889; x_wconf 90' lang='lat' dir='ltr'><strong>comparata</strong></span> <span class='ocrx_word' id='word_1_232' title='bbox 1333 3805 1445 3870; x_wconf 89' lang='lat' dir='ltr'><strong>deduci</strong></span> 
     </span>
    </p>
   </div>
   <div class='ocr_carea' id='block_1_6' title="bbox 128 3910 619 3999">
    <p class='ocr_par' dir='ltr' id='par_1_11' title="bbox 128 3910 619 3999">
     <span class='ocr_line' id='line_1_32' title="bbox 128 3910 619 3999; baseline 0 -25"><span class='ocrx_word' id='word_1_233' title='bbox 128 3921 131 3926; x_wconf 85' lang='lat'>&#39;</span> <span class='ocrx_word' id='word_1_234' title='bbox 255 3913 375 3976; x_wconf 86' lang='lat' dir='ltr'><strong>certius</strong></span> <span class='ocrx_word' id='word_1_235' title='bbox 403 3911 559 3995; x_wconf 86' lang='lat' dir='ltr'><strong>quidpiam</strong></span> <span class='ocrx_word' id='word_1_236' title='bbox 576 3910 619 3999; x_wconf 71' lang='grc' dir='ltr'><strong>ο).</strong></span> 
     </span>
    </p>
   </div>
   <div class='ocr_carea' id='block_1_7' title="bbox 278 4092 1444 4700">
    <p class='ocr_par' dir='ltr' id='par_1_12' title="bbox 278 4092 1444 4700">
     <span class='ocr_line' id='line_1_33' title="bbox 278 4092 1442 4162; baseline 0 -16"><span class='ocrx_word' id='word_1_237' title='bbox 278 4092 305 4162; x_wconf 86' lang='lat'><strong>¹)</strong></span> <span class='ocrx_word' id='word_1_238' title='bbox 326 4097 374 4156; x_wconf 78' lang='lat' dir='ltr'><strong>Qui</strong></span> <span class='ocrx_word' id='word_1_239' title='bbox 393 4097 419 4144; x_wconf 92' lang='lat' dir='ltr'><strong>in</strong></span> <span class='ocrx_word' id='word_1_240' title='bbox 439 4097 609 4144; x_wconf 82' lang='lat' dir='ltr'><strong>recentiorum</strong></span> <span class='ocrx_word' id='word_1_241' title='bbox 627 4097 796 4156; x_wconf 86' lang='lat' dir='ltr'><strong>interpretum</strong></span> <span class='ocrx_word' id='word_1_242' title='bbox 813 4097 964 4148; x_wconf 70' lang='lat' dir='ltr'><strong>biblitanum</strong></span> <span class='ocrx_word' id='word_1_243' title='bbox 982 4099 1089 4155; x_wconf 87' lang='lat' dir='ltr'><strong>scriptis</strong></span> <span class='ocrx_word' id='word_1_244' title='bbox 1109 4098 1236 4155; x_wconf 83' lang='lat' dir='ltr'><strong>paulutum</strong></span> <span class='ocrx_word' id='word_1_245' title='bbox 1255 4101 1295 4144; x_wconf 86' lang='lat' dir='ltr'><strong>eet</strong></span> <span class='ocrx_word' id='word_1_246' title='bbox 1312 4101 1442 4153; x_wconf 74' lang='lat' dir='ltr'><strong>versetur,</strong></span> 
     </span>
     <span class='ocr_line' id='line_1_34' title="bbox 325 4186 1444 4252; baseline -0.002 -18"><span class='ocrx_word' id='word_1_247' title='bbox 325 4188 461 4234; x_wconf 82' lang='lat' dir='ltr'><strong>innumere</strong></span> <span class='ocrx_word' id='word_1_248' title='bbox 479 4186 553 4252; x_wconf 77' lang='lat' dir='ltr'><strong>bajus</strong></span> <span class='ocrx_word' id='word_1_249' title='bbox 574 4188 614 4233; x_wconf 90' lang='lat' dir='ltr'><strong>rei</strong></span> <span class='ocrx_word' id='word_1_250' title='bbox 633 4188 747 4245; x_wconf 79' lang='lat' dir='ltr'><strong>exemplo</strong></span> <span class='ocrx_word' id='word_1_251' title='bbox 766 4187 929 4248; x_wconf 86' lang='lat' dir='ltr'><strong>inpromptu</strong></span> <span class='ocrx_word' id='word_1_252' title='bbox 953 4187 1064 4236; x_wconf 84' lang='lat' dir='ltr'><strong>babebit.</strong></span> <span class='ocrx_word' id='word_1_253' title='bbox 1093 4187 1140 4233; x_wconf 83' lang='lat' dir='ltr'><strong>Vin</strong></span> <span class='ocrx_word' id='word_1_254' title='bbox 1165 4187 1267 4250; x_wconf 78' lang='lat' dir='ltr'><strong>saepius</strong></span> <span class='ocrx_word' id='word_1_255' title='bbox 1295 4187 1391 4248; x_wconf 85' lang='lat' dir='ltr'><strong>aliquis</strong></span> <span class='ocrx_word' id='word_1_256' title='bbox 1419 4188 1444 4232; x_wconf 90' lang='lat' dir='ltr'><strong>in</strong></span> 
     </span>
     <span class='ocr_line' id='line_1_35' title="bbox 325 4267 1442 4338; baseline -0.004 -12"><span class='ocrx_word' id='word_1_257' title='bbox 325 4291 347 4326; x_wconf 88' lang='grc' dir='ltr'><strong>ι.</strong></span> <span class='ocrx_word' id='word_1_258' title='bbox 362 4277 495 4336; x_wconf 79' lang='lat' dir='ltr'><strong>Scriptura</strong></span> <span class='ocrx_word' id='word_1_259' title='bbox 516 4277 711 4337; x_wconf 82' lang='lat' dir='ltr'><strong>interpretanda</strong></span> <span class='ocrx_word' id='word_1_260' title='bbox 730 4279 763 4323; x_wconf 89' lang='lat' dir='ltr'><strong>ad</strong></span> <span class='ocrx_word' id='word_1_261' title='bbox 778 4277 936 4336; x_wconf 67' lang='lat' dir='ltr'><strong>syriacorum</strong></span> <span class='ocrx_word' id='word_1_262' title='bbox 956 4277 1086 4336; x_wconf 75' lang='lat' dir='ltr'><strong>confugit,</strong></span> <span class='ocrx_word' id='word_1_263' title='bbox 1106 4290 1179 4338; x_wconf 88' lang='lat' dir='ltr'><strong>quam</strong></span> <span class='ocrx_word' id='word_1_264' title='bbox 1206 4267 1228 4322; x_wconf 73' lang='lat' dir='ltr'><strong>J.</strong></span> <span class='ocrx_word' id='word_1_265' title='bbox 1252 4277 1349 4322; x_wconf 74' lang='lat' dir='ltr'><strong>Andr.</strong></span> <span class='ocrx_word' id='word_1_266' title='bbox 1371 4277 1442 4324; x_wconf 85' lang='lat' dir='ltr'><strong>Bol-</strong></span> 
     </span>
     <span class='ocr_line' id='line_1_36' title="bbox 324 4364 1443 4430; baseline 0 -16"><span class='ocrx_word' id='word_1_267' title='bbox 324 4369 447 4422; x_wconf 88' lang='lat' dir='ltr'><strong>tsnlus‚</strong></span> <span class='ocrx_word' id='word_1_268' title='bbox 469 4368 513 4426; x_wconf 85' lang='lat' dir='ltr'><strong>qui</strong></span> <span class='ocrx_word' id='word_1_269' title='bbox 532 4368 558 4414; x_wconf 91' lang='lat' dir='ltr'><strong>in</strong></span> <span class='ocrx_word' id='word_1_270' title='bbox 574 4379 622 4414; x_wconf 86' lang='lat' dir='ltr'><strong>sue</strong></span> <span class='ocrx_word' id='word_1_271' title='bbox 641 4368 876 4425; x_wconf 64' lang='lat' dir='ltr'><strong>germanicam.</strong></span> <span class='ocrx_word' id='word_1_272' title='bbox 897 4369 1017 4414; x_wconf 84' lang='lat' dir='ltr'><strong>versione</strong></span> <span class='ocrx_word' id='word_1_273' title='bbox 1037 4364 1135 4430; x_wconf 74' lang='lat' dir='ltr'><strong>(Alton.</strong></span> <span class='ocrx_word' id='word_1_274' title='bbox 1154 4367 1367 4428; x_wconf 79' lang='grc'><strong>1795-1806.)</strong></span> <span class='ocrx_word' id='word_1_275' title='bbox 1389 4369 1443 4414; x_wconf 82' lang='lat' dir='ltr'><strong>iere</strong></span> 
     </span>
     <span class='ocr_line' id='line_1_37' title="bbox 324 4457 1442 4520; baseline -0.002 -14"><span class='ocrx_word' id='word_1_276' title='bbox 324 4471 373 4520; x_wconf 88' lang='lat' dir='ltr'><strong>pro</strong></span> <span class='ocrx_word' id='word_1_277' title='bbox 391 4460 517 4518; x_wconf 86' lang='lat' dir='ltr'><strong>principio</strong></span> <span class='ocrx_word' id='word_1_278' title='bbox 534 4461 621 4518; x_wconf 82' lang='lat' dir='ltr'><strong>ponit:</strong></span> <span class='ocrx_word' id='word_1_279' title='bbox 641 4462 738 4506; x_wconf 84' lang='lat' dir='ltr'><strong>textum</strong></span> <span class='ocrx_word' id='word_1_280' title='bbox 755 4471 875 4518; x_wconf 69' lang='lat' dir='ltr'><strong>graecum</strong></span> <span class='ocrx_word' id='word_1_281' title='bbox 893 4460 919 4508; x_wconf 85' lang='lat' dir='ltr'><strong>in</strong></span> <span class='ocrx_word' id='word_1_282' title='bbox 938 4459 1050 4518; x_wconf 73' lang='lat' dir='ltr'><strong>linguam</strong></span> <span class='ocrx_word' id='word_1_283' title='bbox 1066 4457 1191 4518; x_wconf 78' lang='lat' dir='ltr'><strong>syriacam</strong></span> <span class='ocrx_word' id='word_1_284' title='bbox 1208 4461 1280 4518; x_wconf 88' lang='lat' dir='ltr'><strong>prius</strong></span> <span class='ocrx_word' id='word_1_285' title='bbox 1300 4471 1360 4506; x_wconf 88' lang='lat' dir='ltr'><strong>esee</strong></span> <span class='ocrx_word' id='word_1_286' title='bbox 1380 4472 1442 4505; x_wconf 89' lang='lat' dir='ltr'><strong>ver·</strong></span> 
     </span>
     <span class='ocr_line' id='line_1_38' title="bbox 324 4547 1442 4610; baseline 0 -14"><span class='ocrx_word' id='word_1_287' title='bbox 324 4550 442 4608; x_wconf 87' lang='lat' dir='ltr'><strong>tendum,</strong></span> <span class='ocrx_word' id='word_1_288' title='bbox 467 4552 496 4596; x_wconf 81' lang='lat' dir='ltr'><strong>ut</strong></span> <span class='ocrx_word' id='word_1_289' title='bbox 521 4549 577 4608; x_wconf 79' lang='lat' dir='ltr'><strong>eJus</strong></span> <span class='ocrx_word' id='word_1_290' title='bbox 598 4560 678 4594; x_wconf 86' lang='lat' dir='ltr'><strong>verus</strong></span> <span class='ocrx_word' id='word_1_291' title='bbox 702 4560 796 4596; x_wconf 84' lang='lat' dir='ltr'><strong>sensus</strong></span> <span class='ocrx_word' id='word_1_292' title='bbox 824 4551 938 4596; x_wconf 70' lang='lat' dir='ltr'><strong>eremus.</strong></span> <span class='ocrx_word' id='word_1_293' title='bbox 968 4549 1044 4596; x_wconf 72' lang='lat' dir='ltr'><strong>doni.</strong></span> <span class='ocrx_word' id='word_1_294' title='bbox 1070 4547 1257 4606; x_wconf 65' lang='lat' dir='ltr'><strong>kirhbero,</strong></span> <span class='ocrx_word' id='word_1_295' title='bbox 1284 4549 1442 4610; x_wconf 66' lang='lat' dir='ltr'><strong>Augemeine</strong></span> 
     </span>
     <span class='ocr_line' id='line_1_39' title="bbox 324 4638 798 4700; baseline 0 -14"><span class='ocrx_word' id='word_1_296' title='bbox 324 4639 479 4688; x_wconf 75' lang='lat' dir='ltr'><strong>Bibliutbek.</strong></span> <span class='ocrx_word' id='word_1_297' title='bbox 498 4639 527 4688; x_wconf 82' lang='lat' dir='ltr'><strong>u.</strong></span> <span class='ocrx_word' id='word_1_298' title='bbox 546 4640 575 4686; x_wconf 85' lang='lat' dir='ltr'><strong>V.</strong></span> <span class='ocrx_word' id='word_1_299' title='bbox 593 4651 652 4699; x_wconf 72' lang='lat' dir='ltr'><strong>pag.</strong></span> <span class='ocrx_word' id='word_1_300' title='bbox 673 4638 724 4686; x_wconf 75' lang='lat'><strong>510</strong></span> <span class='ocrx_word' id='word_1_301' title='bbox 744 4651 798 4700; x_wconf 79' lang='lat' dir='ltr'><strong>seq.</strong></span> 
     </span>
    </p>
   </div>
   <div class='ocr_carea' id='block_1_8' title="bbox 0 0 1564 5294">
    <p class='ocr_par' dir='ltr' id='par_1_13' title="bbox 0 0 1564 5294">
     <span class='ocr_line' id='line_1_40' title="bbox 0 0 1564 5294; baseline 0 0"><span class='ocrx_word' id='word_1_302' title='bbox 0 0 1564 5294; x_wconf 95' lang='lat' dir='ltr'><strong> </strong></span> 
     </span>
    </p>
   </div>
  </div>
 </body>
</html>
