3092 5286
1236 413 1313 487 193

203 583 259 652 traci
279 585 322 636 καὶ
342 585 398 644 σοὶ,
418 585 442 635 τὶ
462 583 505 650 μοὶ
525 586 567 636 καὶ
588 579 663 650 ὑμῖν,
683 585 707 636 τὶ
727 583 788 652 ἡμῖν
808 586 850 636 καὶ
872 587 929 646 cci,
958 590 1023 652 quill
1043 592 1107 638 mibi
1127 595 1152 638 et
1169 591 1217 639 tibi
1224 625 1231 651 ,
1251 594 1314 654 quii

201 679 266 726 mibi
283 682 310 726 et
325 678 413 732 cebir,
434 677 496 740 quta
513 678 589 724 nebia
609 681 635 723 et
654 673 726 726 tibi?
755 689 819 736 quus
838 678 972 738 aliquoties
992 681 1112 739 leguntur
1131 681 1158 728 in
1177 694 1201 728 a.
1222 682 1311 743 Scrip-

200 773 276 830 tura,
296 769 440 816 recusantia
460 771 487 814 et
505 767 672 814 detractantis
692 771 739 814 eet.
767 768 845 814 Nemo
863 773 948 816 tamen
967 772 1070 831 credet,
1089 772 1164 832 plane
1182 773 1313 832 aequalem

202 872 263 907 ease
289 871 394 906 aeneum
420 859 498 918 hujus
526 859 660 915 dictlonia,
690 859 748 906 ium
775 872 806 904 ca
831 859 970 919 alloquitur
988 862 1070 908 David
1096 863 1226 910 ministros
1252 876 1314 911 suna

202 949 236 995 li.
257 949 326 996 Sam.
345 949 412 1005 xvi,
436 951 495 1004 lm,
523 963 539 996 a
566 952 692 998 daemone
720 953 858 1010 correptus
877 952 1007 1000 christum
1026 951 1148 1007 ciarev,
1168 955 1209 1013 7.,
1238 954 1314 1000 cbri-

202 1045 258 1088 atua
276 1043 382 1086 matrem
401 1039 477 1086 Joan.
497 1041 533 1099 ll,
554 1041 598 1101 Μ
625 1043 672 1089 aad
700 1042 813 1100 ejusaem
839 1042 889 1088 vim
919 1042 1127 1090 consideratione
1156 1044 1232 1090 animi
1259 1043 1315 1090 ain·

203 1131 320 1190 nicrum
339 1131 497 1192 loquentium
515 1133 566 1179 rita
585 1132 766 1180 aeatimautlam
786 1135 813 1178 et
832 1130 998 1180 deliniendam
1024 1145 1101 1187 aeae,
1131 1134 1213 1194 quivis
1240 1133 1316 1180 tacita

201 1221 280 1268 vitet.

154 1304 182 1375 ³)
202 1311 239 1356 Ex
257 1312 305 1358 boc
324 1311 408 1370 eapite
427 1311 518 1358 iiiatlb.
534 1313 636 1367 xxvil,
659 1311 701 1359 ac.
720 1312 745 1356 in
767 1312 852 1358 verbis
872 1311 935 1359 Jeau
954 1313 985 1358 at
1005 1301 1119 1372 patrem}
1143 1313 1212 1360 Deua
1231 1327 1313 1369 meua,

203 1401 274 1448 neue
293 1414 382 1458 meua,
401 1405 433 1448 aet
450 1402 512 1463 quiri
531 1401 698 1464 dereliquisti
716 1396 778 1448 me?
796 1402 857 1448 nibil
875 1403 1050 1462 impatientiae
1069 1403 1110 1448 vel
1129 1405 1206 1462 plane
1222 1403 1312 1462 despe-

201 1493 309 1538 rationis
316 1494 468 1551 quaesieris.
483 1493 536 1539 Nec
547 1492 776 1539 minnevlvldicres
785 1494 965 1540 nonnullorum
973 1494 1142 1549 l‘aalmcrum,
1154 1499 1217 1552 puta
1225 1493 1254 1540 V.
1264 1493 1317 1541 vll.

201 1581 242 1628 iX.
252 1581 281 1628 X.
297 1581 390 1628 XXXV.
407 1583 459 1628 bil.
473 1581 559 1628 bviii.
572 1583 655 1628 leV.
671 1581 755 1630 xciv.
764 1582 837 1644 cut,
855 1583 1036 1643 expressiones
1050 1587 1140 1629 centra
1153 1584 1317 1630 adversarios

202 1684 234 1720 ex
251 1673 304 1718 mlti
323 1673 427 1720 lievilla
447 1674 530 1720 anime
549 1673 705 1732 mitigandae
724 1679 803 1738 erunt·
843 1674 902 1721 Pari
926 1675 1013 1729 mnis,
1043 1674 1067 1720 si
1093 1675 1125 1720 all
1150 1675 1271 1722 humilem
1291 1681 1318 1722 et

181 1764 346 1824 ,modestum
364 1762 436 1810 Pauli
454 1764 563 1809 animum
581 1763 736 1822 respicitur,
765 1763 845 1810 verba
863 1764 962 1822 lpaicac
988 1765 1144 1812 Imitatarea
1164 1743 1220 1812 mei
1234 1769 1319 1812 eatnte

203 1854 223 1900 l,
242 1854 301 1900 cor.
321 1854 362 1910 lv,
386 1855 427 1900 lc.
448 1853 488 1912 xl,
512 1855 534 1898 l.
555 1853 668 1912 Philipp.
689 1853 736 1906 lll,
758 1853 800 1899 1⁷.
821 1857 863 1898 etc
887 1852 992 1900 cbristo
1013 1854 1133 1916 confirma
1153 1869 1211 1902 aum
1231 1857 1316 1910 eruci,

202 1945 263 1991 cicc
283 1944 444 2006 catemjam
463 1957 517 1990 nea
536 1955 601 2004 eyn,
630 1941 699 1989 eicit
721 1955 789 1991 cere
808 1942 836 1989 ira
855 1955 896 1990 mc
917 1943 1040 1991 cbristus
1070 1944 1126 1990 Gal.
1148 1947 1186 2004 ll,
1211 1948 1251 1994 ¹9.
1272 1947 1316 1991 20.
1408 1931 1410 1935 ⁸

204 2035 237 2084 ab
256 2034 325 2082 emal
344 2035 509 2094 arrogantiae
528 2035 678 2092 suspicione
699 2032 849 2080 liberantur.

153 2120 182 2188 ὅ)
202 2125 246 2173 Sic
266 2138 289 2172 e.
309 2138 334 2186 ς.
354 2126 518 2172 characteres
536 2124 684 2182 Abrabami,
705 2123 794 2182 bicsia,
814 2122 951 2183 Samuelis,
971 2125 1088 2185 loannis,
1109 2125 1182 2173 Petri
1201 2131 1228 2172 et
1247 2117 1321 2173 Pauli

203 2217 351 2264 accuratius
371 2216 509 2274 descripti,
538 2219 732 2274 praeterquam,
761 2215 829 2274 quod
846 2215 968 2274 imagines
987 2216 1089 2262 illorum
1107 2216 1319 2276 elegantissimae

204 2308 364 2363 exhiberent,
384 2307 461 2356 etiam
473 2307 577 2366 singula
591 2320 678 2354 eornm
697 2307 768 2354 dicta
783 2310 810 2353 et
824 2308 894 2354 iacta
910 2307 1034 2366 singulari
1048 2308 1105 2354 luce
1118 2309 1319 2366 pertunderent.

203 2399 269 2458 Quin
289 2399 414 2458 quaedam
432 2400 523 2456 partes
542 2411 565 2445 a.
584 2397 748 2458 Scriptum,
771 2411 794 2446 e.
812 2411 838 2457 g.
858 2398 952 2446 librum
972 2397 1030 2454 leb,
1050 2399 1197 2458 intelligere
1217 2401 1320 2447 omnine

205 2503 256 2537 uon
275 2489 393 2549 peteris,
421 2490 472 2535 nisi
491 2489 657 2536 characteres
676 2501 845 2548 personarum
864 2489 1020 2549 loquentium
1039 2491 1187 2536 accuratius
1205 2491 1322 2538 noverit.

124 2609 128 2616 -
165 2572 193 2640 ⁴)
213 2579 261 2640 lla,
280 2580 353 2639 cujus
372 2579 447 2626 animi
466 2579 543 2626 luerit
562 2579 690 2633 Davitea,
710 2579 751 2626 vel
769 2579 905 2636 Jcauuea,
935 2581 976 2626 vel
994 2580 1102 2636 Paulus,
1130 2584 1182 2626 tum
1210 2581 1323 2640 teporem

209 2671 290 2718 verba
315 2671 342 2716 in
368 2669 489 2728 arripite,
521 2681 585 2728 quae
612 2668 787 2730 reliquerunt,
816 2674 871 2716 tum
901 2662 1062 2726 narrationes
1081 2669 1206 2731 biblicae,
1236 2684 1318 2718 eorum

202 2762 283 2808 vitam
311 2761 485 2819 attingentes,
512 2759 554 2806 vel
579 2760 657 2806 etiam
685 2758 791 2806 uberius
820 2761 997 2806 describentes
1025 2763 1163 2806 tentantur.
1194 2761 1235 2806 Ad
1254 2762 1321 2808 anti-

203 2850 329 2909 quissima
341 2851 492 2896 documenta
506 2847 696 2906 ecelesiastica,
716 2859 781 2906 qnae
800 2849 833 2893 ad
852 2849 1019 2894 characteres
1032 2847 1141 2894 biblicus
1156 2859 1321 2908 cognosceu-

204 2941 253 2988 ἀοι
273 2941 429 2996 inserviunt,
449 2939 568 2998 inprimis
586 2938 727 2984 referenda
745 2940 787 2984 eat
804 2938 911 2984 Eusebii
930 2937 1042 2984 historia
1062 2938 1259 2993 ecclesiastica,
1279 2941 1322 2986 cui

202 3030 320 3078 addimus
348 3030 540 3088 Bollantiatas,
568 3040 676 3087 quorum
700 3028 765 3074 Aeta
791 3026 944 3076 Sanctorum
972 3031 1128 3075 conservant
1155 3034 1319 3075 monumenta

205 3122 332 3170 blaterica
351 3121 504 3182 disquisita,
523 3120 640 3180 quaeat
659 3119 769 3166 eundem
788 3118 863 3166 finem
881 3119 987 3165 iaciunt.

259 3213 315 3271 Qua
333 3210 449 3262 subsidia
468 3211 500 3257 ad
518 3211 625 3256 nctitlaa
644 3209 870 3256 characteristica
889 3219 1062 3269 personarum
1080 3209 1232 3256 biblitanum
1251 3221 1323 3254 ccm-

204 3302 330 3363 parantaa
356 3301 527 3349 commendari
554 3302 704 3348 merentur:
734 3299 758 3346 i.
778 3300 812 3346 bl.
833 3298 963 3354 Saller,
983 3299 1233 3358 i’aatnraltbeelcgie
1252 3299 1281 3346 Τ.
1302 3301 1323 3346 l.

206 3406 232 3453 p.
254 3393 307 3440 228
326 3405 384 3452 sqq.
401 3393 618 3452 praecipuevero
648 3392 677 3437 A.
697 3391 799 3436 licrm.
829 3391 1022 3448 Nlemeyer‚
1053 3390 1259 3437 characteristik
1278 3391 1326 3437 der

204 3483 286 3532 Bibel.
306 3483 377 3530 lialle
400 3483 477 3529 1830.
497 3481 517 3526 V
534 3479 616 3530 Tomi.

682 3657 708 3727 s.
728 3653 783 3714 na

502 3791 531 3838 B.
552 3791 751 3850 conventis
768 3789 957 3841 arrectus.

224 3952 296 4018 Non
320 3953 388 4017 leve
410 3973 506 4038 perro
530 3951 702 4016 subsidium
725 3971 851 4015 sensum
874 3950 1022 4014 dictionis
1045 3954 1107 4016 rite
1130 3953 1327 4036 percipiendi

134 4062 239 4146 capiet
254 4061 428 4145 interpres,
451 4060 480 4125 si
496 4060 630 4143 noverit,
653 4081 726 4124 num
742 4059 876 4143 loquens
893 4055 1009 4123 affectu
1025 4060 1204 4124 concitatus
1219 4059 1327 4138 inerit,
1406 4137 1408 4141 Ι

134 4191 195 4237 nec
219 4191 269 4233 ne.
292 4169 414 4234 Etenim
437 4170 510 4255 qnia
531 4189 568 4233 ec
590 4175 639 4233 est
664 4175 776 4232 natura
801 4165 951 4243 bominis,
976 4171 1009 4230 ut
1036 4164 1153 4232 affectu
1174 4168 1328 4250 abreptus

134 4279 231 4342 aliter
253 4299 427 4342 sermonem
446 4283 634 4362 componat,
660 4295 751 4361 quam
768 4275 796 4338 si
811 4274 894 4338 liber
909 4274 948 4337 ab
964 4272 1080 4337 affeetu
1096 4273 1199 4338 anime
1217 4275 1327 4340 sedato

134 4387 294 4470 loquitur,
318 4386 363 4450 ita
380 4387 515 4469 quidem,
540 4386 621 4450 utin
645 4384 745 4468 primo
768 4401 843 4444 casu
864 4402 932 4444 rem
954 4380 1038 4443 ultan
1052 4379 1168 4444 limites
1184 4381 1330 4444 veritatis

134 4517 252 4581 argere
270 4496 321 4558 vei
346 4495 554 4577 imminuere,
579 4515 615 4556 nc
632 4491 724 4577 proin
749 4490 851 4554 minus
879 4492 1052 4572 adaequate
1069 4489 1213 4572 prolerre
1236 4495 1331 4568 amet,

135 4605 168 4667 in
185 4605 326 4668 secunde
342 4625 418 4668 vero
435 4605 531 4668 verba
545 4623 604 4668 ena
620 4621 724 4664 rerum
745 4603 879 4662 naturae
896 4595 1079 4662 accuratius
1106 4593 1334 4662 accommodae

170 4740 250 4783 lierm.
270 4737 370 4782 biblica.
389 4741 407 4782 l.
1078 4723 1111 4775 13
