3112 5284
1235 432 1316 507 255

125 627 199 676 mor
223 615 296 696 post
319 627 427 674 aevum
451 605 659 691 apostolieum
684 625 833 690 perversa
856 608 1002 693 dogmata
1023 607 1228 688 aGnosticis,
1251 609 1317 671 Ma-

124 719 282 800 nichaeis,
308 718 512 798 sabellianis,
536 715 680 798 Arianis,
714 716 934 798 omnibusque,
968 716 1021 801 qui
1045 717 1205 782 subsecuti
1233 723 1317 798 sunt,

126 827 333 892 novatoribus
350 829 380 892 in
397 827 532 892 medium
548 826 687 910 prolata,
711 825 761 888 vel
776 825 809 887 in
827 823 977 890 Consiliis
995 831 1186 910 congregata
1202 823 1318 890 solem-

125 937 218 1000 nibus
234 937 462 1016 decisionibus,
485 935 535 999 vel
550 956 607 1019 per
624 935 731 999 orbem
748 935 891 1018 dispersa
907 933 1042 998 unanimi
1058 953 1212 998 consensu
1228 937 1317 998 dam-

124 1045 228 1126 navit,
254 1046 377 1110 etiamsi
393 1065 502 1110 eorum
523 1049 671 1108 auctores
695 1049 727 1107 et
742 1043 868 1126 patroni
884 1045 923 1106 ad
940 1064 965 1106 s.
984 1043 1181 1126 scripturam
1199 1065 1317 1126 provo-

127 1157 254 1232 carent,
278 1173 406 1236 eamque
423 1153 601 1240 dogmatum
618 1171 744 1215 suorum
767 1153 886 1215 fontem
913 1152 1225 1236 depraedicarent²).
1271 1155 1317 1216 Ex

125 1284 189 1346 quo
218 1266 321 1346 patet,
353 1261 385 1326 in
414 1261 638 1326 controversiis
662 1261 750 1324 illum
772 1263 920 1324 duntaxat
944 1281 970 1324 s.
990 1261 1175 1344 Scripturas
1190 1281 1316 1325 sensum

120 1391 230 1434 verum
250 1371 479 1454 genuinamque
500 1369 639 1434 habitum
655 1369 771 1447 fuisse,
797 1373 853 1451 qui
868 1373 904 1432 in
920 1371 1095 1434 Ecclesiae
1114 1371 1264 1436 docentis
1286 1381 1319 1434 et

123 1481 310 1561 apostolica
325 1483 539 1542 successione
551 1481 731 1562 pandentis
749 1481 828 1542 sina
849 1480 1116 1544 emercabatur.

217 1587 301 1650 Idem
318 1607 415 1669 porro
439 1591 600 1650 testantur
622 1586 760 1670 Patres,
785 1587 838 1670 qui
854 1587 963 1668 primis
985 1586 1121 1650 saeculis
1144 1587 1202 1650 bac
1225 1589 1264 1652 tie
1280 1610 1316 1652 re

125 1693 286 1757 scribendi
315 1694 512 1758 occasionem
544 1693 630 1758 nacti
660 1700 748 1774 sunt,
781 1713 887 1757 omnes
909 1693 1050 1757 intimum
1075 1715 1101 1757 s.
1130 1695 1316 1780 Scripturas

123 1822 196 1863 oum
211 1801 372 1880 Ecclesia,
407 1807 440 1866 et
456 1799 662 1885 expositionis
683 1799 815 1865 biblicae
844 1821 913 1864 cum
938 1801 1083 1885 deposito
1105 1799 1179 1866 fidei
1204 1823 1315 1866 nexum

122 1910 262 1974 unanimi
286 1908 437 1997 suffragio
455 1911 663 1975 enuntiantes.
708 1911 874 1992 Praecipui
901 1917 997 1974 sunt:
1043 1914 1168 1978 Auctor
1182 1915 1315 1996 Recep-

120 2020 481 2103 nitionum,1renaeus,
499 2022 648 2086 &emens
663 2019 937 2102 Alenundrt'nns,
958 2021 1193 2098 Tertullianus,
1209 2022 1313 2088 Aac·

121 2132 262 2210 mnus,
292 2129 450 2194 Basilius
472 2130 635 2212 Mapnus,
666 2127 852 2210 Grepora‘ns
874 2129 1134 2210 Nazianzenus,
1169 2133 1313 2213 Citrpso-

120 2247 267 2320 stotnus,
301 2237 518 2321 Ambrosius,
553 2237 795 2321 Hieronymus,
824 2237 1035 2321 Aupnstinus
1060 2250 1092 2304 ct
1121 2239 1314 2306 warentias

121 2345 316 2412 [steinensis
332 2367 401 2408 cum
418 2345 488 2408 aliis
504 2343 549 2434 ²).

153 2469 179 2537 ¹)
198 2475 269 2522 lianc
287 2476 380 2535 qendi
390 2475 515 2522 rationem
529 2475 677 2524 observavit
685 2476 803 2524 iicciesia
817 2489 872 2524 cum
890 2479 1009 2535 Deitatis,
1029 2480 1072 2540 qui
1094 2493 1109 2526 e
1133 2479 1311 2528 Gnosticorum

194 2563 292 2610 ramilis
306 2565 464 2622 prodeuntes
481 2576 527 2620 aa,
547 2575 612 2624 quae
632 2564 768 2625 Scriptura
788 2567 820 2612 de
836 2579 899 2614 vera
911 2568 990 2616 verbi
1008 2571 1184 2617 incarnatione
1203 2583 1313 2642 acuere

197 2665 289 2712 mma,
309 2648 436 2714 passione
455 2657 484 2702 et
500 2656 696 2702 resurreetione
714 2655 802 2718 babet,
821 2658 1063 2718 interpretabantur
1083 2661 1115 2708 de
1134 2662 1315 2709 incarnatione

198 2741 301 2805 scatia,
319 2746 351 2792 da
368 2758 446 2793 cerna
460 2745 591 2792 umbratili
606 2749 633 2792 et
650 2748 682 2792 dc
700 2752 842 2807 apparente
856 2752 937 2797 morte
955 2762 986 2796 sc
1004 2753 1207 2811 resurrectione,
1226 2751 1313 2798 turbas

194 2833 304 2894 undique
318 2835 425 2882 cientes.
444 2835 563 2882 Ecclesia
572 2847 634 2882 vern
645 2837 766 2896 deposito
776 2835 836 2884 fidei
850 2839 975 2887 insistens
995 2841 1083 2887 eadem
1101 2843 1221 2900 exposuit
1230 2841 1262 2888 de
1274 2842 1313 2888 rai

195 2923 314 2980 remitte,
335 2924 445 2984 illosque
459 2925 533 2971 verbi
552 2925 630 2970 divini
647 2929 817 2986 corruptores
838 2928 998 2975 anathemate
1015 2931 1144 2986 protrivit.
1163 2930 1225 2978 Pari
1238 2931 1313 2978 modo

195 3025 225 3060 se
245 3013 328 3072 gessit
349 3025 405 3060 cum
423 3014 611 3070 cerinthianis,
641 3015 700 3074 qui,
729 3016 829 3076 pariter
849 3031 864 3064 a
882 3015 1063 3064 Gnosticorum
1082 3032 1192 3079 gauere,
1221 3031 1311 3066 verum

194 3115 300 3152 sensum
319 3103 503 3163 pervertebant
519 3105 619 3151 iliorum
640 3104 792 3164 Scripturas
804 3107 935 3161 locorum,
957 3109 983 3154 in
1008 3110 1098 3168 quibus
1119 3123 1181 3158 vara
1207 3109 1308 3156 christi

192 3195 310 3242 divinitas
329 3195 505 3254 praedicatur,
525 3194 562 3242 ita
575 3199 603 3242 ut
616 3207 654 3250 ea,
674 3209 748 3256 quam
767 3197 798 3242 ab
812 3198 946 3256 Apostolis
967 3200 1143 3246 demandatam
1163 3201 1213 3248 sibi
1231 3204 1308 3260 atque

192 3284 220 3330 in
242 3286 300 3332 sinu
320 3297 367 3331 suo
389 3284 533 3342 depositam
551 3285 677 3342 haberet,
697 3287 815 3332 doctrina
833 3289 941 3334 istorum
959 3289 1053 3334 iaisam
1072 3290 1311 3348 interpretationem

194 3375 356 3420 retunderet.

144 3457 173 3527 θ)
192 3462 314 3510 Auctor
326 3463 391 3508 Rea
401 3463 618 3522 agnitionum,
632 3477 707 3525 quae,
717 3465 778 3513 licet
788 3479 923 3524 perperam
933 3467 1057 3514 clementi
1067 3469 1139 3514 itam.
1151 3468 1305 3527 tribuantur,

191 3555 275 3600 temen
295 3553 397 3599 saeculo
421 3553 543 3599 licerio
565 3555 688 3613 originem
708 3556 818 3616 debent,
846 3558 891 3604 lib.
912 3559 941 3604 X.
965 3559 988 3618 s.
1011 3559 1053 3605 42.
1067 3558 1179 3605 scribit:
1200 3557 1258 3620 „Ab
1278 3573 1308 3605 eo

192 3645 302 3706 oportet
314 3643 519 3704 intellipcntiam
532 3644 639 3692 discere
648 3644 867 3708 scripturarum,
887 3648 933 3710 qni
949 3663 1006 3696 enm
1022 3665 1037 3696 n
1053 3650 1200 3711 majoribus
1213 3663 1310 3697 secun-

191 3734 253 3780 dum
269 3733 415 3780 ueritatem
430 3731 483 3781 eibi
500 3734 631 3782 acutam
654 3739 765 3792 serunt,
794 3741 824 3784 nt
845 3740 871 3785 et
890 3738 947 3801 ipse
965 3739 1055 3800 possit
1076 3754 1122 3796 ea,
1143 3753 1210 3802 puae
1232 3745 1307 3788 recte

191 3823 323 3885 suscepit,
344 3825 525 3884 competenter
545 3825 707 3872 adsererc.”

236 3915 298 3972 Quis
308 3925 371 3958 vero
381 3915 415 3958 sit
425 3914 476 3960 iste
485 3925 593 3960 servans
601 3915 736 3963 veritatem
744 3919 870 3974 traditam,
881 3922 1028 3966 accuratius
1039 3919 1125 3968 definit
1136 3922 1305 3973 irenaeus,

191 4001 290 4048 Contra
308 4003 409 4050 haeres.
434 4001 478 4050 tin.
493 4003 534 4049 iv.
557 4016 612 4062 cap.
636 4007 678 4051 26.
698 4007 803 4054 dicens:
827 4007 873 4055 ilbi
900 4010 1067 4057 charismata
1085 4011 1192 4058 Domine·
1215 4008 1308 4073 petita

191 4094 271 4148 eunt,
297 4091 335 4139 ibi
354 4093 460 4140 discere
477 4096 586 4157 oportet
607 4095 766 4157 ueritatem,
787 4099 858 4161 apud
885 4111 950 4160 quoe
978 4103 1019 4148 est
1043 4113 1089 4160 en,
1124 4115 1192 4163 qaue
1214 4107 1253 4148 est
1276 4102 1308 4148 nii

190 4182 325 4244 Apostoiis
343 4183 482 4230 Ecclesiae
501 4184 638 4231 successio
663 4188 689 4231 et
707 4185 753 4245 td,
782 4189 853 4247 qaod
877 4191 1033 4238 celsanum
1058 4193 1084 4238 et
1107 4191 1309 4254 irreprobabile

191 4273 409 4321 conversationis
438 4278 463 4320 et
487 4275 699 4323 inudulteratum
727 4279 752 4322 et
776 4275 986 4340 incorruptibile
1012 4279 1163 4341 ammonis,
1190 4283 1307 4328 canstat.

191 4363 227 4410 in·
243 4364 311 4411 enim
329 4368 355 4411 et
370 4379 437 4425 eum,
457 4367 618 4426 quaesatio
631 4382 710 4414 unum
723 4367 814 4426 ileum,
835 4369 880 4430 pue·
898 4371 987 4419 omniu
1002 4371 1076 4434 fecit,
1093 4373 1172 4434 fidem
1183 4373 1308 4418 nostrum

190 4455 358 4514 custodiunt,
380 4459 494 4512 etcum,
515 4471 583 4519 quae
598 4461 638 4504 eet
651 4459 679 4505 in
694 4458 778 4520 filium
789 4459 854 4518 Dei,
876 4460 1044 4510 dilectionem
1058 4466 1207 4524 adaupent,
1230 4487 1262 4494 —
1283 4465 1309 4506 et

192 4543 402 4608 Scripturas
418 4547 490 4594 siue
505 4549 664 4612 periculo
681 4548 778 4595 nobis
799 4555 978 4612 seponunt.
997 4556 1173 4616 nepueDeum
1187 4551 1306 4612 blaspbe-

194 4643 307 4690 mantes‚
322 4650 406 4697 neque
414 4639 592 4697 patriarchas
606 4639 816 4694 exhonorantur,
831 4655 913 4701 neque
921 4645 1068 4704 propbetas
1081 4643 1305 4691 contemnentes.”
