3120 5294
1269 447 1339 522 llll

227 634 280 682 tua
298 633 481 682 dilucidandae
498 634 575 691 suut,
592 630 686 690 partim
706 625 747 692 (ut
762 629 874 692 istiuas)
895 631 979 678 tontes
998 631 1092 677 hebent
1111 629 1215 676 attonde
1233 628 1342 675 nollui-

232 736 302 780 mos‚
322 726 361 772 tta
377 727 406 770 ut
423 724 528 770 eosdem
544 721 696 782 singillatim
714 733 851 768 necarere
867 722 934 768 baud
952 733 1016 780 opus
1035 723 1077 768 stt.

457 895 475 938 Ι.
491 892 696 939 remansistis
711 894 859 947 boetiano!
875 893 1051 944 commis,

561 1001 586 1037 Α.
602 998 741 1044 stumfius
754 999 873 1038 timetis
886 999 943 1037 EST.

544 1149 573 1216 s.
606 1145 648 1207 tt.
682 1146 833 1218 salptores
864 1148 964 1218 meod

248 1294 329 1374 Quia
351 1293 474 1380 linguae
497 1313 629 1380 graecae
653 1293 766 1359 notitia
794 1315 830 1358 ex
853 1293 983 1358 Graecis
1004 1297 1136 1378 petenda
1161 1301 1226 1374 cst,
1252 1295 1345 1357 etiam

161 1404 252 1466 ads.
276 1403 460 1485 Scripturae
484 1424 591 1483 usum,
625 1404 827 1488 inquantum
853 1408 901 1466 est
923 1423 1076 1488 graecus,
1101 1405 1350 1490 cognoscendum

157 1509 439 1594 illustrandumqne
462 1511 637 1594 scriptores
661 1531 795 1598 graecos
827 1511 1020 1575 adhibendos
1058 1532 1150 1589 csse,
1184 1531 1237 1574 res
1269 1511 1347 1574 adeo

157 1615 323 1680 manifesta
347 1623 412 1697 est,
436 1625 471 1683 ut
494 1617 579 1683 uulla
602 1620 867 1683 demonstratione
892 1627 991 1704 egeat.
1020 1621 1054 1682 ld
1077 1628 1179 1684 tamen
1204 1618 1349 1682 conside-

159 1729 229 1788 rata
251 1723 376 1810 linguae
398 1745 532 1810 graecae
550 1725 683 1790 biblicae
706 1727 810 1790 indole
838 1747 874 1789 ac
902 1732 1015 1790 natura
1037 1727 1085 1789 rei
1113 1733 1223 1789 notare
1250 1725 1348 1808 jurat,

159 1831 276 1896 atticae
306 1833 454 1916 puritatis
486 1838 680 1916 sectatores,
712 1835 787 1898 licet
816 1857 878 1898 uon
910 1855 1042 1917 prorsus
1072 1833 1249 1920 negligendi
1276 1834 1350 1912 sint,

156 1939 254 2026 louge
276 1947 380 2005 tamen
403 1945 638 2026 postponendos
663 1963 733 2007 esse
767 1943 824 2021 iis,
857 1941 910 2026 qui
939 1941 1080 2026 sequiori
1102 1961 1179 2006 aevo
1208 1942 1349 2024 seripse-

157 2053 243 2129 runt,
261 2051 432 2134 etquidem
450 2070 487 2114 eo
504 2051 613 2136 magis,
638 2072 699 2135 quo
713 2051 881 2116 viciniores
898 2051 930 2114 hi
944 2053 1070 2115 luerunt
1087 2051 1153 2116 sive
1169 2051 1265 2114 aetati
1282 2052 1347 2113 sive

157 2158 282 2241 patriae
305 2157 600 2244 hagiographorum,
625 2160 673 2223 vel
697 2159 868 2244 etiamque
891 2159 1077 2244 simpliciori
1102 2161 1185 2244 stylo
1201 2159 1251 2223 usi
1267 2135 1364 2224 sunt‘

157 2267 280 2347 Quibus
306 2287 342 2330 ex
365 2267 467 2332 titulis
483 2269 521 2331 ab
546 2264 678 2332 eruditis
701 2288 777 2352 prae
801 2267 935 2332 caeteris
960 2271 1230 2333 commendantur:
1255 2269 1347 2333 Aeli·

157 2396 257 2458 auuo,
273 2376 507 2460 Apollodorus,
523 2377 732 2459 Aristoteles,
756 2379 930 2442 Diodorou
950 2375 1097 2459 Siculus,
1120 2379 1345 2456 Herodianus,

156 2485 349 2566 Lucienus,
386 2485 612 2568 Plutarchus,
644 2485 823 2568 Polybius,
854 2485 1101 2568 Theophrastus
1126 2489 1204 2563 ete,
1238 2484 1349 2568 quibus

155 2593 258 2658 adbuc
298 2600 462 2678 praestant
498 2595 671 2678 Josepbus
701 2597 842 2660 Fluctus
880 2600 914 2658 et
948 2595 1046 2659 Pbilo
1075 2595 1348 2672 Alexandrinus,

155 2707 269 2785 utpote
292 2701 563 2784 ledaco-Gracci,
599 2703 775 2788 scriptores
804 2703 985 2783 domestici,
1025 2710 1057 2767 et
1081 2705 1182 2788 quoad
1214 2708 1346 2766 aetatem

156 2811 277 2875 nostris
301 2811 443 2895 proximi.

521 2973 548 3040 s.
567 2969 610 3030 bs.
626 2971 694 3032 daur
710 2984 803 3030 eorum
817 2971 969 3044 muldam

248 3118 433 3201 Praecipua,
451 3137 531 3202 quae
547 3121 740 3182 Graecorum
762 3118 898 3181 studium
922 3113 1176 3198 interpretationi
1191 3135 1217 3178 s.
1234 3114 1346 3197 Scrip-

153 3228 246 3288 turae
262 3243 395 3310 graecae
416 3233 558 3308 praestat
582 3227 755 3308 commoda,
778 3224 855 3288 baec
873 3230 960 3288 sunt:
985 3223 1165 3287 Generatim
1189 3223 1346 3304 interpres

152 3331 340 3417 graecitatis
371 3333 510 3415 peritus,
545 3335 681 3398 indolem
707 3334 860 3397 sermome
887 3333 994 3398 biblici
1018 3332 1133 3415 ubique
1157 3331 1219 3394 rite
1250 3329 1347 3392 aesti-

154 3459 258 3522 mare,
282 3459 362 3522 pura
377 3461 396 3503 a
411 3441 569 3520 barbaris,
592 3442 670 3506 bene
685 3461 800 3527 graeca
816 3443 853 3506 ab
870 3439 1137 3505 hebraissantibns
1153 3437 1346 3522 distinguere

153 3548 270 3627 sciens,
294 3549 432 3634 singulas
455 3569 551 3614 rocas
567 3550 775 3635 loquendique
791 3546 901 3615 mo'dos
925 3571 961 3616 cx
983 3571 1032 3630 ec,
1056 3553 1095 3615 ad
1112 3565 1203 3633 quem
1231 3562 1343 3630 reapse

154 3660 316 3738 spectant,
345 3677 405 3720 usn
436 3658 656 3741 interpretari,
684 3659 793 3742 sieque
818 3679 955 3741 errores,
980 3659 1034 3744 qui
1057 3680 1094 3722 ex
1117 3655 1347 3741 permutatione

153 3764 204 3826 rel
239 3763 446 3848 permixtione
482 3768 574 3830 unius
614 3767 761 3852 loquendi
795 3789 871 3832 usus
901 3791 970 3832 cum
1000 3769 1120 3848 altero,
1159 3771 1236 3849 puta
1264 3764 1343 3827 bene

152 3873 356 3959 gracaicum
383 3875 518 3940 barbaro
540 3876 591 3940 vel
615 3875 777 3956 orientali,
810 3877 989 3943 necessario
1016 3876 1093 3941 oriri
1116 3877 1246 3954 debent,
1276 3871 1341 3936 evi-

152 3986 223 4046 tare
245 3980 361 4046 valebit
374 3979 417 4069 1).

245 4089 279 4150 ln
301 4090 407 4170 specie
431 4092 546 4156 Gracci

244 4199 281 4287 a)
304 4207 434 4268 ratione
459 4204 597 4266 lecticuli
623 4202 786 4284 interpreti
808 4203 963 4280 serviunt,
992 4202 1063 4263 dum
1086 4221 1181 4264 voces
1208 4199 1340 4278 loqueu-

151 4307 246 4390 diqur
269 4307 407 4373 rationes
437 4301 653 4390 obscuriores,
685 4309 792 4392 quales
827 4309 994 4392 praecipue
1022 4329 1091 4372 esse
1123 4307 1226 4370 solent
1256 4301 1342 4378 ἅπαξ

151 4415 333 4500 λεγόμεναι,
357 4419 494 4482 rariores
518 4424 550 4481 et
577 4420 647 4500 plus
669 4419 806 4480 urinusve
829 4439 950 4496 amaea,
973 4438 1051 4500 quae
1079 4419 1339 4500 percontantem,

150 4524 243 4587 locos
258 4525 436 4606 parallelos,
461 4527 558 4590 aliave
575 4529 728 4605 subsidia,
758 4548 794 4590 ex
818 4550 843 4591 s.
869 4529 1036 4610 Scriptura
1058 4528 1127 4608 ipsa
1149 4527 1263 4606 petita,
1287 4543 1339 4586 sa-

149 4630 195 4695 tis
217 4630 369 4696 illustrari
394 4640 424 4698 et
449 4633 572 4698 deliniri
588 4639 759 4716 nequeunt,
792 4637 951 4701 declarant
973 4657 1010 4698 ac
1026 4632 1175 4718 deliniunt
1192 4627 1242 4714 ²),
1265 4633 1337 4694 dum
