3118 5282
1232 403 1310 476 333

217 577 248 643 2.
271 575 351 642 Dein
375 576 427 642 cni
448 575 551 642 divina
574 597 731 642 sacrarum
752 573 914 641 literarum
943 576 1033 664 origo
1062 575 1223 662 explorata
1253 586 1312 656 est,

128 683 221 754 etiam
238 687 270 750 in
286 692 373 750 recta
389 686 563 770 exponendi
578 687 700 748 ratione
727 686 887 766 sequenda
908 688 945 750 ad
969 683 1156 772 singularem
1180 685 1313 772 diligen·

11 833 14 888 3
125 795 202 861 tiam
231 797 431 875 excitabitur,
463 796 508 859 ita
535 799 570 858 ut
598 813 751 874 summae,
786 815 864 878 quae
891 795 1000 859 baberi
1021 799 1146 879 potest,
1175 794 1249 859 lidci
1277 817 1313 858 ac

126 898 347 989 perspicuitati
374 905 515 982 studeat,
547 921 609 982 ne,
639 902 667 963 si
688 902 772 965 forte
794 903 826 964 in
841 903 1037 984 expositione
1054 923 1164 967 sensus
1179 905 1314 986 quaesiti

127 1015 198 1097 plns
214 1013 353 1076 minusve
369 1011 488 1075 alienas
505 1031 523 1073 a
539 1015 642 1073 mente
657 1010 797 1072 auctoris
814 1009 897 1072 sacri
912 1011 1057 1074 notiones
1080 1010 1130 1074 vel
1146 1011 1313 1075 sententias

125 1127 300 1206 proponat,
324 1125 378 1184 aut
400 1121 524 1184 easdem
548 1120 681 1184 obscure
703 1118 830 1198 reddat,
865 1119 1071 1183 mutilationis
1098 1121 1147 1184 vel
1169 1121 1314 1184 immuta-

125 1230 222 1293 tionis
237 1229 325 1292 verbi
339 1228 397 1291 Dei
414 1247 448 1290 se
464 1247 552 1291 reum
567 1226 673 1304 iaciat,
697 1233 751 1289 aut
767 1226 915 1312 gravibus
932 1247 969 1289 ex
986 1227 1152 1311 Scriptura
1168 1229 1248 1292 male
1264 1229 1314 1291 in·

11 1353 14 1391 !
125 1339 256 1402 tellecta
271 1336 457 1402 enascitnris
474 1335 634 1426 erroribus
651 1353 756 1400 ansam
773 1337 931 1418 praebeat.

217 1449 249 1511 3.
273 1444 414 1528 Denique
430 1444 580 1508 revelatio
597 1465 634 1508 ac
656 1444 831 1528 inspiratio,
848 1445 961 1528 quibus
975 1447 1151 1530 gandebant
1167 1451 1315 1510 auctores
1339 1495 1342 1502 .

129 1554 253 1633 biblici,
277 1559 427 1638 exegetae
441 1554 480 1616 ad
497 1553 758 1635 comprobandum
774 1557 806 1614 et
827 1552 1040 1615 vindicandum
1057 1572 1200 1632 sensum,
1224 1575 1315 1636 quern

11 1735 12 1742 ἵ
128 1664 166 1726 ab
182 1662 246 1725 illis
262 1662 415 1724 intentum
431 1660 529 1725 inisse
544 1661 660 1743 liquet,
685 1659 760 1722 licet
775 1659 859 1723 forte
883 1659 1067 1724 difficultate
1088 1660 1229 1740 laboret,
1258 1660 1316 1726 lir-

11 1791 16 1830 ε
128 1792 209 1834 mum
226 1770 461 1834 subministrant
478 1773 709 1854 argumentum,
734 1768 817 1852 quod
832 1787 982 1850 respuere
1000 1789 1059 1832 non
1078 1767 1164 1832 licet.
1199 1771 1316 1848 Quam-

127 1878 260 1963 primum
281 1879 361 1940 enim
384 1877 577 1960 exploratum
599 1881 665 1955 est,
690 1876 774 1957 quod
796 1876 949 1958 expositio
974 1878 1083 1957 docet,
1107 1897 1177 1940 esse
1204 1897 1316 1960 reapse

128 1988 226 2069 idem,
250 1986 334 2072 quod
354 1985 528 2069 scriptores
552 1985 636 2046 sacri
653 2004 722 2046 cum
738 1983 911 2047 lectoribus
928 1987 994 2048 suis
1013 1985 1242 2049 communicare
1258 2007 1316 2049 vo·

128 2096 269 2174 luerunt,
293 2094 371 2157 nulli
386 2093 519 2178 amplius
535 2091 713 2175 exceptioni
729 2092 819 2155 locus
835 2092 903 2156 dari
918 2098 1042 2175 potest,
1066 2113 1105 2156 ne
1133 2093 1317 2160 auctoritati

11 2233 13 2272 o
130 2203 250 2268 divinae
266 2205 446 2288 derogetur.

600 2420 630 2487 s.
648 2411 705 2472 nun,
721 2411 751 2471 ln
764 2414 854 2486 specle

372 2583 401 2647 a)
422 2579 448 2633 ai
465 2583 580 2652 spectus
598 2580 741 2635 miraculo
760 2582 788 2635 et
805 2545 945 2634 costumiis
963 2579 1074 2635 biblico.

219 2745 299 2808 ilum
321 2743 457 2828 genuina
477 2746 514 2806 V.
540 2750 572 2808 et
594 2745 634 2808 N.
659 2747 698 2808 Τ.
727 2743 875 2808 miracula
899 2749 931 2806 et
952 2744 1100 2807 vaticinia
1124 2745 1317 2810 constituant

132 2853 252 2916 divinae
274 2851 476 2915 revelationis
502 2852 630 2914 criteria
646 2852 758 2915 stricte
783 2850 874 2929 talia,
899 2857 1043 2934 exegeta,
1068 2853 1119 2914 oui
1140 2849 1219 2916 fides
1241 2854 1318 2916 reli-

132 2958 236 3047 gionis
250 2960 408 3024 revelatae
424 2959 514 3022 cordi
531 2965 597 3038 est,
622 2960 700 3024 nibil
715 2959 868 3045 negliget,
892 2963 927 3022 nt
948 2958 1097 3023 miracula
1121 2965 1153 3024 et
1172 2960 1319 3025 vaticinia

132 3069 248 3132 biblica
263 3068 309 3131 ita
325 3072 535 3152 exponantur,
559 3073 594 3130 ut
611 3069 744 3151 deipsis
761 3085 822 3150 qna
837 3067 952 3132 talibus
969 3072 1057 3132 certo
1075 3072 1210 3132 constet.

220 3180 290 3256 Quo
312 3179 405 3240 modo
428 3195 465 3240 ea
486 3176 660 3260 generatim
684 3177 816 3240 tractari
832 3176 980 3256 debeant,
1004 3181 1040 3240 nt
1055 3175 1250 3240 auditoribus
1265 3177 1316 3239 vel

130 3285 319 3364 lectoribus,
342 3284 374 3346 in
389 3305 521 3369 quorum
535 3285 669 3369 gratiam
686 3283 851 3366 explicatio
867 3281 920 3363 fit,
937 3289 1084 3348 accurate
1100 3290 1131 3348 et
1147 3284 1313 3366 perspicue

129 3395 345 3470 innotescant,
375 3411 470 3474 supra
493 3389 543 3478 (s.
562 3392 638 3458 201.
662 3396 693 3456 et
709 3389 804 3478 202.)
828 3389 1029 3456 ostendimus.
1077 3393 1157 3472 Quia
1180 3413 1255 3456 vero
1283 3393 1315 3455 in

130 3502 180 3565 bis
208 3499 320 3580 rebus,
356 3521 435 3583 qnae
462 3501 625 3562 humanam
651 3495 891 3584 intelligentiam
919 3507 1083 3584 superant,
1118 3500 1211 3565 iacile
1238 3500 1317 3564 oriri

128 3613 263 3692 possunt
278 3607 388 3687 dubia,
412 3629 484 3670 num
498 3607 583 3672 forte
599 3613 746 3671 auctores
760 3607 868 3670 biblici
883 3627 945 3672 uon
961 3609 1148 3690 erraverint,
1164 3615 1316 3692 ponentes

129 3718 233 3795 facta,
258 3737 337 3800 quae
364 3714 502 3781 naturali
528 3717 620 3779 modo
649 3721 836 3794 evenerunt,
860 3737 918 3798 pro
946 3715 1121 3798 miraculis,
1144 3717 1194 3780 vel
1220 3735 1311 3798 prae-

130 3825 283 3889 dictiones
312 3825 509 3903 futurorum,
545 3842 624 3906 quae
661 3823 785 3888 bomani
821 3823 936 3910 ingenii
972 3823 1142 3910 sagacitate
1174 3825 1317 3909 praevisa

130 3939 224 4013 suut,
257 3953 315 4016 pro
341 3933 506 4011 vaticiniis,
533 3937 680 4018 exegetas
707 3954 768 3996 nou
795 3937 902 4015 potest
930 3953 999 3996 esse
1026 3933 1086 3996 nisi
1114 3933 1316 4016 exoptatissi-

130 4063 213 4104 mum
239 4041 397 4125 peculiare
420 4046 453 4103 et
474 4037 712 4126 irrefragabile,
736 4042 819 4123 quod
843 4042 874 4104 in
898 4039 960 4103 lide
976 4041 1189 4123 inspirationis
1211 4042 1316 4102 datum

131 4155 198 4232 est,
228 4154 466 4236 argumentum,
488 4169 551 4232 quo
584 4147 652 4230 ejus
684 4149 855 4230 expositio,
891 4167 951 4232 qua
975 4148 1053 4212 locis
1076 4149 1200 4212 biblicis
1221 4147 1316 4210 mira·

131 4257 203 4321 cula
230 4257 280 4322 vel
306 4257 453 4320 vaticinia
476 4255 605 4334 tribuit,
630 4256 742 4340 quibus
772 4255 848 4318 talia
879 4277 916 4318 ex
947 4257 1124 4320 narratione
1150 4275 1186 4318 ac
1213 4260 1315 4318 mente

131 4385 293 4430 sacrorum
324 4365 513 4449 scriptorum
546 4363 650 4427 inesse
683 4362 807 4426 aliunde
836 4383 892 4446 per
922 4364 1060 4427 subsidia
1085 4361 1316 4426 bermcneutica

132 4475 306 4538 communia
342 4473 464 4555 liquet,
499 4475 609 4536 contra
641 4489 850 4552 quascumque
882 4471 1082 4553 exceptiones
1115 4469 1316 4534 confirmatur

132 4588 165 4646 et
191 4582 376 4646 vindicatur.
