3118 5282
627 653 656 722 ς.
674 643 734 708 stt.
750 645 810 710 slve

227 789 259 866 b)
279 787 319 850 ud
333 793 510 870 proecipuus
528 791 688 863 mytboruus
705 794 813 868 species
831 793 1000 864 singillatim
1018 796 1205 872 respiciatur.

213 947 282 1024 Quo
294 965 368 1009 vcro
385 944 501 1010 clarius
513 941 614 1008 adbuc
629 943 815 1027 innoteseat,
830 945 1027 1010 narrationes
1039 947 1188 1013 librorum
1204 969 1312 1016 seero-

125 1073 192 1116 rnm
208 1053 293 1120 nullo
308 1053 399 1118 modo
414 1053 446 1116 in
462 1073 622 1118 numerum
633 1053 893 1139 mythologiarum
904 1055 1067 1140 gentilium
1079 1056 1194 1122 reterri
1206 1078 1313 1142 posse,

12 1173 13 1212 l
125 1164 310 1249 praecipuas
326 1163 504 1249 mytborum
521 1163 644 1248 species
661 1163 852 1250 singultatim
869 1163 1070 1230 considerare
1081 1165 1181 1249 juvat.
1307 1243 1308 1248 γ

212 1272 364 1355 Equidem
379 1271 408 1334 si
423 1272 595 1336 relationes
611 1291 637 1335 s.
655 1271 840 1356 scripturae
857 1271 896 1334 ad
911 1271 1036 1356 mythos
1052 1273 1174 1340 reterre
1189 1276 1314 1361 liceret,

12 1393 14 1430 2
122 1377 203 1442 tales
227 1381 372 1464 proiecto
393 1379 536 1465 inprimis
562 1380 763 1466 exspectandi
794 1382 900 1446 essent
930 1379 963 1443 in
992 1381 1088 1446 rebus
1119 1382 1259 1467 physicis
1283 1389 1315 1450 ct

12 1502 15 1542 ε
122 1488 359 1568 astronomicis,
383 1489 551 1554 commenti
566 1509 636 1554 eum
651 1490 683 1552 in
704 1485 810 1572 linem,
834 1492 870 1552 ut
886 1488 1010 1574 qnidam
1027 1494 1156 1555 euentus
1174 1491 1315 1578 singula·

121 1616 175 1660 res
192 1601 224 1662 et
239 1598 426 1682 pracsertim
450 1618 555 1662 rerum
571 1618 720 1664 novarum
736 1602 769 1660 et
791 1597 904 1662 artium
929 1596 1067 1661 inventio
1088 1596 1161 1661 iude
1177 1600 1315 1684 explica-⁴·

14 1746 18 1756 -
98 1709 241 1768 rentur.
280 1705 395 1770 Verum
423 1706 611 1789 ubicumque
642 1704 796 1790 ejusmodi
831 1725 938 1769 rerum
974 1704 1164 1769 mentionem
1193 1707 1314 1771 iaciunt

13 1813 16 1821 '
127 1832 237 1876 sacrae
252 1813 384 1897 literae,
407 1813 586 1900 mythorum
607 1814 740 1899 vestigia
763 1811 888 1877 minime
909 1811 1072 1896 adparent.
1107 1811 1225 1878 Contra
1245 1814 1316 1899 ipso

12 1943 17 1984 ε
121 1920 229 1984 statim
252 1922 358 1986 mundi
385 1924 512 1998 exordio
540 1927 670 1987 naturae
702 1921 749 1986 rei
783 1920 1007 1986 convenienter
1038 1927 1316 2003 commemoratur,

125 2049 340 2115 quamcunque
355 2032 494 2117 plantam
509 2038 541 2097 et
558 2051 647 2097 omne
662 2028 775 2094 animal
790 2050 865 2094 snae
887 2028 1126 2114 prolongationis
1142 2047 1248 2092 semen
1264 2029 1316 2092 in-

121 2143 223 2200 semet
238 2137 307 2222 ipso
324 2141 440 2205 babere
453 2136 504 2227 ¹),
519 2139 574 2204 ubi
588 2138 740 2202 diluvium
756 2137 950 2202 Nuaebicum
967 2136 1174 2219 describitur,¹
1184 2138 1315 2200 immeu·

120 2247 202 2308 sitas
218 2264 385 2327 aquarum,
411 2246 588 2330 quindecim
609 2245 724 2310 cubitis
745 2244 898 2309 montium
915 2244 1076 2309 eacumina
1092 2244 1315 2330 superantium,

12 2385 18 2430 s
124 2377 164 2421 ex
180 2354 287 2418 causis
298 2375 384 2418 mere
399 2355 592 2420 naturalibus
608 2354 765 2440 repetitur
775 2345 819 2440 ³).

214 2459 275 2523 Rei
307 2464 524 2528 oeconomioae
562 2463 653 2528 initia
683 2482 782 2547 aeque
815 2461 951 2546 simplici
984 2461 1075 2526 modo
1101 2466 1316 2547 exponantur:

129 2569 237 2636 Abel
259 2570 379 2653 pumus
395 2571 497 2635 ovium
512 2579 631 2654 pastor,
656 2571 801 2636 Cninus
824 2571 943 2655 primns
960 2590 1105 2656 agrorum
1122 2571 1226 2636 cultor
1251 2567 1324 2653 init,

12 2717 13 2722 κ
120 2680 151 2744 Ν
166 2700 184 2742 ο
197 2679 300 2742 acbo
326 2677 390 2741 viui
413 2679 538 2742 cultura
560 2680 711 2765 originem
729 2675 876 2763 debct⁸).
901 2679 1017 2742 lladcm
1035 2677 1238 2761 simplicitate
1264 2700 1318 2744 ar-

11 2773 17 2802 ⁵
118 2787 198 2851 tium
228 2787 365 2851 inventio
397 2787 551 2851 retertur:
586 2785 706 2850 Jubal
739 2787 801 2849 init
823 2789 915 2870 pater
936 2787 1113 2850 canentium
1139 2786 1260 2852 citbara
1282 2794 1315 2852 et

11 2961 14 2986 Ι
118 2917 260 2982 organo,
285 2895 505 2959 'tubalcain
528 2894 590 2959 init
609 2895 772 2959 malleator
788 2899 819 2958 et
834 2894 923 2958 faber
938 2893 972 2957 in
987 2897 1100 2958 cuncto
1117 2915 1213 2978 opere
1229 2897 1314 2961 aeris

11 3047 16 3078 ‚
123 2998 313 3090 etterri⁴).
349 3002 469 3067 Nullibi
492 3025 550 3067 nec
576 3005 676 3083 Pan,
710 3023 768 3067 nec
797 3001 940 3084 Ceres,
975 3021 1033 3066 nee
1067 3002 1233 3085 Apollo,
1256 3025 1315 3070 nee

11 3139 14 3170 ι
122 3115 297 3195 Bacbus,
314 3133 372 3178 nec
387 3108 603 3192 Vulcanus,
619 3133 677 3177 nec
688 3111 768 3176 alins
779 3112 865 3176 Deus
879 3110 930 3174 rel
946 3109 1112 3176 Semidcus
1127 3113 1245 3195 prodit,
1262 3113 1314 3178 cui

11 3231 16 3262 l
121 3221 265 3286 homines
281 3220 411 3286 notitias
425 3222 505 3285 istas
521 3219 678 3306 proficuas
694 3221 837 3284 deleant.

212 3330 279 3393 Sed
294 3331 388 3394 etiam
406 3333 489 3416 quod
504 3350 558 3394 res
571 3329 798 3396 astronomicas
813 3328 938 3410 attinet,
950 3345 1059 3391 sacrae
1075 3327 1197 3410 literae,
1215 3347 1314 3413 quau·

11 3417 13 3444 ἶ
118 3444 187 3501 tum
204 3437 275 3500 illas
292 3437 460 3524 attingunt,
477 3439 629 3502 adeliriis
638 3438 803 3524 gentilium
819 3441 892 3501 sunt
903 3435 1121 3520 alienissimae,
1137 3437 1202 3521 qni,
1218 3458 1313 3522 prae·

11 3599 14 3626 ,
117 3545 230 3631 primis
247 3543 436 3628 Orientales,
458 3552 495 3611 ut
509 3548 706 3612 notissimum
723 3552 782 3629 cst,
805 3545 961 3610 sideribus
975 3545 1219 3628 interpretandis
1236 3565 1315 3630 ope·

118 3675 186 3717 ram
200 3655 364 3736 dederuut,
382 3656 514 3720 diversis
527 3655 820 3720 constellationibus
835 3654 868 3716 in
883 3672 936 3717 res
951 3651 1101 3715 humanas
1116 3652 1177 3716 nim
1192 3653 1315 3718 tribue-

11 3783 13 3806 ¹
119 3768 213 3842 runt,
235 3762 297 3826 imo
319 3767 406 3828 astra
420 3764 524 3828 divino
541 3765 574 3827 in
588 3766 708 3828 honore
724 3763 916 3841 babuerunt3
939 3760 994 3845 qui
1016 3781 1106 3826 error
1129 3763 1208 3826 adeo
1224 3764 1313 3827 inva-

11 3869 13 3902 '
118 3870 180 3933 luit
200 3875 236 3934 ut
252 3872 290 3934 ab
306 3871 384 3955 ipsis
405 3871 602 3956 philosophis
629 3872 820 3954 probaretur
845 3876 877 3934 et
904 3867 1136 3934 defenderetur.
1176 3872 1312 3934 Tantum

11 3963 12 3986 ¹
118 3999 195 4042 vero
212 3978 316 4058 abest,
345 3984 380 4042 nt
396 3979 499 4044 Biblia
523 3981 579 4046 isti
597 3978 809 4067 suffragentur
825 3978 943 4061 errori,
969 3981 1005 4040 ut
1022 3995 1091 4042 eum
1109 3982 1191 4042 sicut
1208 3979 1312 4042 idolo·

118 4087 244 4151 latriam
272 4089 372 4153 omnis
398 4090 523 4176 generis
550 4111 747 4173 summopere
773 4087 971 4172 improbent,
999 4090 1031 4149 et
1060 4086 1265 4150 divinationes
1293 4095 1311 4150 'e

118 4196 254 4261 nubibus
276 4199 392 4282 petitas
416 4198 541 4262 omnino
563 4205 664 4262 morte
690 4197 789 4282 plecti
804 4196 936 4278 jubeant
948 4192 991 4280 ⁶).

208 4304 277 4369 Nec
292 4307 393 4368 minus
410 4313 530 4370 certum
547 4311 606 4388 cst,
623 4305 725 4368 Biblia
736 4323 826 4366 sacra
838 4302 938 4366 aliena
954 4321 1024 4365 esse
1041 4319 1060 4362 a
1075 4299 1191 4384 mythis
1206 4301 1310 4368 bisto-

74 4463 78 4470 ,
119 4411 214 4492 eicis,
238 4414 291 4496 qui
306 4415 476 4498 praecipue
491 4413 524 4476 in
542 4414 757 4496 Genealopta,
787 4411 1006 4492 chronologia
1019 4427 1077 4471 nec
1094 4428 1155 4472 non
1170 4409 1203 4472 in
1220 4412 1309 4476 Geo-

115 4523 261 4600 yrupbio
275 4519 438 4605 gentilium
455 4520 601 4586 continno
616 4520 826 4604 reperiuntur.
852 4519 906 4582 'lit
931 4515 1064 4600 primum
1092 4515 1216 4600 quidem
1242 4519 1310 4582 Ge·

118 4627 305 4706 neatopiam
330 4630 414 4705 quod
438 4630 568 4713 attinet,
592 4629 673 4712 apud
689 4626 883 4712 Aegyptios,
907 4626 1049 4688 Graecos
1073 4628 1105 4687 et
1130 4624 1207 4688 alias
1227 4645 1308 4712 gen·

157 4757 237 4799 Herm.
255 4753 354 4799 biblica.
373 4755 404 4799 ll.
1059 4751 1094 4805 25
