3120 5294
1232 442 1305 522 iit

144 615 171 685 ι)
190 623 350 672 arbitrariae
368 622 558 685 coniunctionis
576 622 694 682 protecto
714 621 754 668 rei
773 623 848 678 sunt,
874 623 919 682 qui
939 635 964 670 e.
988 634 1015 684 g.
1035 623 1055 668 Ι.
1076 620 1136 670 cor.
1154 623 1208 672 vii.
1237 624 1308 678 dicta

188 716 221 762 de
240 727 291 761 uon
310 715 420 762 ineundo
439 713 600 760 matrimonio
618 712 705 759 omnin
732 713 765 758 cd
783 725 806 758 v.
826 712 869 758 23.
888 705 934 762 δία
950 713 998 770 τῆν
1019 706 1167 762 ἐνεστῶσαν
1188 707 1306 780 ἀνάγκην

190 806 223 854 ob
240 808 410 869 praesentem
428 804 612 852 columitatem
628 800 845 866 (christianorum
858 803 1080 865 persecutionem)
1099 805 1227 866 referunt,
1247 807 1310 852 lieet

189 896 284 955 plura,
301 899 330 942 nt
347 911 371 942 v.
391 897 435 942 32.
454 907 525 955 επις..
544 906 591 954 pro
610 894 678 940 omni
696 897 813 952 tempore
831 894 944 941 vnleant.

144 979 170 1047 ⁵)
190 987 245 1034 iioe
262 999 356 1034 errore
375 985 472 1034 inbitur
488 985 635 1044 interpres,
655 985 698 1044 qui
717 997 741 1032 e.
762 997 786 1044 g.
806 983 910 1044 quaerit
927 995 1017 1030 nexum
1036 985 1164 1044 logicum,
1183 985 1226 1032 ubi
1245 999 1309 1046 pey-

189 1077 351 1135 cboiogicue,
371 1079 417 1122 cut
437 1073 462 1122 in
481 1075 610 1122 vaticiniis
630 1075 804 1135 historicum,
820 1074 865 1122 ubi
886 1073 988 1134 opticus
1010 1077 1058 1122 ert.
1083 1073 1161 1122 iusto
1180 1077 1309 1125 arctiores

190 1179 271 1214 nexus
290 1166 381 1212 tinnites
402 1168 516 1224 ponunt,
544 1165 589 1224 qui
606 1164 696 1212 bictth.
714 1165 799 1220 xxii,
829 1166 870 1212 it.
894 1163 978 1212 rerba
994 1165 1113 1214 nomini:
1141 1160 1241 1214 Πολλοὶ
1258 1163 1310 1234 γάρ

190 1251 244 1306 icoc
259 1251 368 1314 κλητοὶ,
390 1248 476 1320 ὀλίγοι
497 1249 658 1304 delatraret
685 1259 783 1304 tantum
809 1256 841 1302 ad
868 1267 960 1303 versuo
986 1256 1100 1314 proxime
1120 1258 1310 1316 praecedentes

189 1348 322 1394 referunt.
351 1346 378 1392 iu
396 1347 446 1392 boe
463 1347 530 1392 enim
545 1358 613 1394 nexu
632 1358 725 1394 oeneus
745 1346 877 1404 prodiret:
897 1345 935 1392 Ex
952 1345 1169 1405 ipsiabcheuice
1189 1345 1309 1394 membris

189 1437 266 1496 pauci
286 1437 436 1497 salvuntur,
456 1437 479 1482 ai
496 1448 567 1492 vero,
587 1440 616 1484 ut
634 1448 679 1484 reo
699 1437 830 1497 postulat,
849 1436 882 1484 ud
900 1439 981 1484 totam
999 1436 1173 1498 parobolam,
1192 1437 1310 1498 adeoque

190 1527 223 1573 ad
242 1538 329 1572 omnes
349 1526 471 1574 invitatos
491 1527 528 1587 (r.
547 1527 612 1574 3.-
625 1525 662 1586 3.)
683 1529 866 1587 extenduntur,
898 1539 991 1576 senune
1011 1527 1087 1586 longe
1106 1527 1194 1574 mitior
1212 1528 1310 1588 prodit.

140 1609 169 1682 Ι)
188 1617 310 1675 iixempio
330 1616 382 1663 rint
401 1617 481 1664 verbe
499 1617 573 1664 Joun.
593 1617 619 1673 Ι,
641 1617 684 1664 33.
705 1609 852 1685 ἔμπροσθέν
881 1629 918 1681 μυ
943 1612 1060 1681 γέγονεν,
1085 1617 1258 1677 quasplures
1277 1621 1311 1667 de

189 1707 323 1768 dipnitate
340 1709 368 1754 et
387 1707 567 1766 auctoritate,
592 1719 641 1766 quc
659 1707 737 1754 Jecur
756 1707 880 1755 ioannem
899 1708 976 1766 ionga
995 1708 1183 1763 antecesserit,
1209 1708 1309 1756 lutelii·

190 1798 276 1858 pende
288 1809 348 1844 ecee
361 1798 535 1856 praecipiunt.
557 1798 605 1844 Art
624 1798 686 1844 lieet
704 1798 770 1846 haee
789 1797 923 1858 explicatio
936 1798 1067 1844 contextui
1080 1799 1186 1858 egregie
1197 1811 1311 1860 reupon-

190 1887 268 1946 deet,
288 1891 373 1934 tumen
391 1885 553 1946 reprobanda
572 1891 627 1944 est,
648 1887 709 1947 quie
726 1891 831 1946 praeter
848 1888 900 1934 niis
918 1900 981 1934 usus
1001 1889 1125 1948 loquendi
1142 1887 1244 1950 obstet,
1264 1891 1310 1950 qui

190 1976 340 2023 adverbium
365 1969 513 2044 ἔμπροσθέν
538 1989 665 2036 nunquam
684 1979 710 2023 in
729 1977 850 2024 versione
869 1977 1056 2037 Alexandrina,
1085 1978 1111 2023 in
1136 1978 1212 2026 libris
1230 1979 1261 2026 N.
1280 1979 1309 2026 Τ.

190 2069 396 2127 scriptorumque
414 2069 581 2126 profanorum
607 2068 640 2115 de
665 2067 810 2129 dipnitute,
840 2068 1021 2127 auctoritate,
1049 2069 1096 2116 aed
1123 2069 1250 2116 Interdum
1277 2071 1311 2118 de

190 2159 266 2218 ioco,
293 2157 373 2205 veluti
391 2157 452 2205 buc.
470 2157 541 2217 xix,
571 2158 615 2218 4.,
645 2157 794 2218 pierumque
813 2171 876 2206 vero
897 2160 930 2206 de
949 2161 1070 2220 tempore
1089 2173 1114 2206 e.
1134 2173 1159 2219 g.
1178 2159 1263 2209 Judie.
1284 2163 1307 2217 1,

190 2249 236 2294 23.
247 2249 276 2294 Ἰ.
294 2249 357 2307 lieg.
376 2249 427 2309 iii,
442 2249 485 2294 12.
504 2250 536 2294 ii.
556 2249 619 2308 lieu.
638 2249 729 2310 xviii,
749 2249 775 2296 5.
795 2250 870 2296 Jonu.
889 2249 933 2306 iii,
951 2250 994 2296 28.
1010 2250 1130 2310 usurpcri
1142 2253 1260 2298 testatur.
1276 2278 1308 2288 -

141 2369 146 2381 .
189 2335 249 2384 Puri
267 2338 369 2384 ratione
386 2339 448 2384 buo.
467 2337 565 2398 xviii,
588 2340 629 2385 ii.
648 2339 707 2386 coil.
730 2339 770 2386 13.
790 2339 971 2398 interpretatio
989 2340 1114 2386 iormuine
1133 2337 1198 2408 πρὸς
1217 2335 1311 2390 ricorde

189 2428 308 2476 seoraim
325 2427 391 2476 bene
410 2429 525 2488 quidem,
553 2431 596 2476 nst
614 2441 665 2476 non
685 2429 742 2476 eoin
761 2429 887 2490 quamsi,
907 2442 964 2476 oum
983 2430 1059 2476 ctiam
1078 2431 1175 2492 nitere,
1197 2446 1247 2492 qua
1265 2446 1310 2480 se·

190 2531 265 2574 eum,
285 2518 367 2566 toor'te
384 2519 520 2579 redditur,
539 2520 671 2566 contextui
690 2521 840 2578 conueniat,
861 2532 926 2579 quoe
943 2520 1094 2580 recipienda
1113 2525 1168 2577 eat,
1197 2524 1257 2582 quin
1277 2523 1309 2568 ab

189 2620 240 2654 usu
259 2608 383 2667 loquendi
401 2610 555 2669 postulatur.
585 2611 660 2657 coni.
680 2609 704 2669 s.
724 2611 767 2657 70.
786 2615 840 2656 not.
861 2611 886 2656 i.

141 2690 169 2759 i)
190 2699 356 2758 Quapropter
374 2699 435 2746 buc.
448 2699 497 2759 Vi,
517 2699 561 2757 35,
582 2694 733 2758 ἀπελπίζειν
760 2701 910 2748 necessario
929 2702 1086 2748 reddendum
1104 2705 1163 2748 eet:
1183 2714 1309 2764 operere,

191 2789 255 2835 inde
279 2802 410 2851 sperare,
436 2792 496 2850 quic
513 2792 577 2839 bueo
596 2790 751 2852 significatio
770 2792 986 2850 proeeedentibur
1006 2791 1044 2852 (r.
1064 2793 1107 2838 di.
1127 2789 1193 2859 παρ’
1211 2781 1248 2838 ὧν
1267 2787 1312 2840 ἑλ-

189 2875 277 2934 uidere
297 2871 456 2945 ἀπολαβεῖν)
477 2881 537 2926 sola
555 2883 689 2942 congruit,
719 2881 800 2927 altera
819 2880 1022 2940 significationes
1052 2883 1217 2945 desperare,
1238 2895 1312 2942 quam

190 2971 273 3016 lexico
300 2970 427 3026 indicant,
454 2971 602 3030 reprobate.
633 2971 715 3019 Recte
735 2971 812 3018 etiam
831 2971 914 3018 donn,
929 2971 991 3031 vii,
1023 2973 1065 3018 1⁷.
1095 2970 1173 3018 verba
1191 2973 1310 3018 Domini:

190 3054 241 3108 ἀπ’
254 3054 354 3123 ε’μαυπῐν
375 3063 409 3109 de
427 3067 539 3109 auctore
558 3063 692 3109 doctrinae
706 3063 819 3108 traditae
833 3051 1062 3122 interpretaberis,
1081 3064 1140 3122 quia
1152 3063 1217 3109 baec
1230 3063 1311 3110 inter·

188 3151 303 3209 protetio
328 3150 545 3208 praecedentibus
566 3156 592 3199 et
611 3151 832 3212 consequentibus
850 3163 915 3211 pree
935 3153 1049 3198 coeteris
1075 3152 1232 3210 respondet,
1262 3165 1311 3200 nec

188 3240 238 3286 alin
257 3239 376 3287 subsidia
393 3241 587 3289 bermeneution
605 3243 784 3290 adversentur.

559 3473 813 3538 TRACTATUS
838 3474 877 3537 li.

441 3631 650 3692 tonstrinum
669 3631 813 3694 nunionis
833 3631 994 3692 innitenti.

303 3861 306 3868 ·
333 3831 363 3897 s.
381 3828 424 3888 33.
440 3829 578 3902 interpres
595 3832 684 3901 solet,
699 3843 768 3904 quae
784 3833 824 3889 sit
839 3843 957 3904 persona
972 3831 1094 3905 loquens.

206 3977 285 4041 Cum
307 3976 448 4040 homines
463 3975 495 4038 in
510 3978 712 4059 producendo
738 3983 771 4042 et
796 3979 1005 4042 consociando
1030 3979 1118 4043 ideae
1143 4001 1213 4044 oum
1240 3981 1311 4044 aliis

111 4086 386 4152 communicandas
407 4085 516 4171 alege
539 4087 686 4166 unitatiS,
715 4105 805 4169 qnam
827 4109 916 4152 nemo
934 4108 1026 4152 uanae
1042 4089 1157 4152 mentis
1173 4089 1312 4174 migrare

111 4199 238 4278 potest,
255 4195 301 4257 ita
317 4195 489 4276 pendeant,
505 4197 541 4256 ut
557 4195 697 4278 cogitata
713 4215 820 4260 eorum
836 4197 1016 4260 necessario
1028 4187 1095 4260 uon
1110 4198 1211 4261 nolum
1227 4197 1312 4261 inter

109 4323 148 4367 se
165 4305 371 4384 cohaereant,
393 4305 449 4366 sed
466 4301 559 4366 etiem
575 4303 775 4385 loquentibus
793 4304 977 4368 conveniant
994 4304 1044 4392 (ὅ.
1061 4303 1153 4392 73),
1177 4310 1310 4388 pensato

110 4411 269 4475 orationis
290 4409 424 4474 biblicae
447 4415 610 4490 contextu,
635 4416 706 4475 utut
725 4410 793 4495 ejus
811 4435 870 4497 ope
886 4413 1020 4496 plurima
1036 4435 1072 4476 ex
1088 4435 1146 4476 usu
1162 4412 1311 4492 loquendi

109 4521 214 4584 miuus
238 4519 324 4582 clara
345 4539 382 4582 no
406 4520 511 4584 decisa
532 4521 659 4606 egregie
675 4526 741 4584 tum
757 4520 956 4586 illustrentur
971 4527 1036 4585 tum
1054 4521 1311 4597 determinentur,

108 4631 248 4694 nondum
273 4647 394 4694 omnem
417 4629 601 4709 interpretis
625 4649 751 4711 oporam
774 4631 909 4710 absolvi,
935 4651 991 4712 per
1013 4653 1047 4696 ee
1069 4636 1166 4712 patet.
1198 4629 1312 4690 Restat
